@COMMENT {
 File: MScProj_TLRH_ClusterEnergy.bib
 Author: Timo L. R. Halbesma <timo.halbesma at student.uva.nl>
 Version: 0.01 (Initial)
 Date created: Sat Oct 24, 2015 12:28 am
 Last modified: Mon Sep 05, 2016 01:42 PM

 Description: BibTeX Literature file
}


% Review articles on various subjects.
%%%%%%%%%%%%%%%%%%%%%%%%%%%%%%%%%%%%%%%%%%%%%%%%%%%%%%%%%%%%%%%%%%%%%%%%%%%%%%%%
% Review Article on Galaxy Structure Evolution
@ARTICLE{2014ARA&A..52..291C,
   author = {{Conselice}, C.~J.},
    title = "{The Evolution of Galaxy Structure Over Cosmic Time}",
  journal = {\araa},
archivePrefix = "arXiv",
   eprint = {1403.2783},
     year = 2014,
    month = aug,
   volume = 52,
    pages = {291-337},
      doi = {10.1146/annurev-astro-081913-040037},
   adsurl = {http://adsabs.harvard.edu/abs/2014ARA%26A..52..291C},
  adsnote = {Provided by the SAO/NASA Astrophysics Data System}
}

% Review Article on how AGN heat gas?
@ARTICLE{2007ARA&A..45..117M,
   author = {{McNamara}, B.~R. and {Nulsen}, P.~E.~J.},
    title = "{Heating Hot Atmospheres with Active Galactic Nuclei}",
  journal = {\araa},
archivePrefix = "arXiv",
   eprint = {0709.2152},
     year = 2007,
    month = sep,
   volume = 45,
    pages = {117-175},
      doi = {10.1146/annurev.astro.45.051806.110625},
   adsurl = {http://adsabs.harvard.edu/abs/2007ARA%26A..45..117M},
  adsnote = {Provided by the SAO/NASA Astrophysics Data System}
}

% Review on shocks in galaxy clusters
@ARTICLE{2007PhR...443....1M,
   author = {{Markevitch}, M. and {Vikhlinin}, A.},
    title = "{Shocks and cold fronts in galaxy clusters}",
  journal = {\physrep},
   eprint = {astro-ph/0701821},
     year = 2007,
    month = may,
   volume = 443,
    pages = {1-53},
      doi = {10.1016/j.physrep.2007.01.001},
   adsurl = {http://adsabs.harvard.edu/abs/2007PhR...443....1M},
  adsnote = {Provided by the SAO/NASA Astrophysics Data System}
}

% Hierarchical structure formation
@ARTICLE{1974ApJ...187..425P,
   author = {{Press}, W.~H. and {Schechter}, P.},
    title = "{Formation of Galaxies and Clusters of Galaxies by Self-Similar Gravitational Condensation}",
  journal = {\apj},
     year = 1974,
    month = feb,
   volume = 187,
    pages = {425-438},
      doi = {10.1086/152650},
   adsurl = {http://adsabs.harvard.edu/abs/1974ApJ...187..425P},
  adsnote = {Provided by the SAO/NASA Astrophysics Data System}
}
@ARTICLE{2006Natur.440.1137S,
   author = {{Springel}, V. and {Frenk}, C.~S. and {White}, S.~D.~M.},
    title = "{The large-scale structure of the Universe}",
  journal = {\nat},
   eprint = {astro-ph/0604561},
     year = 2006,
    month = apr,
   volume = 440,
    pages = {1137-1144},
      doi = {10.1038/nature04805},
   adsurl = {http://adsabs.harvard.edu/abs/2006Natur.440.1137S},
  adsnote = {Provided by the SAO/NASA Astrophysics Data System}
}
% Observational evidence of large-scale structure: 2dFGRS
@ARTICLE{2001MNRAS.328.1039C,
   author = {{Colless}, M. and {Dalton}, G. and {Maddox}, S. and {Sutherland}, W. and 
	{Norberg}, P. and {Cole}, S. and {Bland-Hawthorn}, J. and {Bridges}, T. and 
	{Cannon}, R. and {Collins}, C. and {Couch}, W. and {Cross}, N. and 
	{Deeley}, K. and {De Propris}, R. and {Driver}, S.~P. and {Efstathiou}, G. and 
	{Ellis}, R.~S. and {Frenk}, C.~S. and {Glazebrook}, K. and {Jackson}, C. and 
	{Lahav}, O. and {Lewis}, I. and {Lumsden}, S. and {Madgwick}, D. and 
	{Peacock}, J.~A. and {Peterson}, B.~A. and {Price}, I. and {Seaborne}, M. and 
	{Taylor}, K.},
    title = "{The 2dF Galaxy Redshift Survey: spectra and redshifts}",
  journal = {\mnras},
   eprint = {astro-ph/0106498},
 keywords = {SURVEYS, GALAXIES: CLUSTERS: GENERAL, GALAXIES: DISTANCES AND REDSHIFTS, COSMOLOGY: OBSERVATIONS, LARGE-SCALE STRUCTURE OF UNIVERSE},
     year = 2001,
    month = dec,
   volume = 328,
    pages = {1039-1063},
      doi = {10.1046/j.1365-8711.2001.04902.x},
   adsurl = {http://adsabs.harvard.edu/abs/2001MNRAS.328.1039C},
  adsnote = {Provided by the SAO/NASA Astrophysics Data System}
}
% Observational evidence of large-scale structure: SDSS
@ARTICLE{2000AJ....120.1579Y,
   author = {{York}, D.~G. and {Adelman}, J. and {Anderson}, Jr., J.~E. and 
	{Anderson}, S.~F. and {Annis}, J. and {Bahcall}, N.~A. and {Bakken}, J.~A. and 
	{Barkhouser}, R. and {Bastian}, S. and {Berman}, E. and {Boroski}, W.~N. and 
	{Bracker}, S. and {Briegel}, C. and {Briggs}, J.~W. and {Brinkmann}, J. and 
	{Brunner}, R. and {Burles}, S. and {Carey}, L. and {Carr}, M.~A. and 
	{Castander}, F.~J. and {Chen}, B. and {Colestock}, P.~L. and 
	{Connolly}, A.~J. and {Crocker}, J.~H. and {Csabai}, I. and 
	{Czarapata}, P.~C. and {Davis}, J.~E. and {Doi}, M. and {Dombeck}, T. and 
	{Eisenstein}, D. and {Ellman}, N. and {Elms}, B.~R. and {Evans}, M.~L. and 
	{Fan}, X. and {Federwitz}, G.~R. and {Fiscelli}, L. and {Friedman}, S. and 
	{Frieman}, J.~A. and {Fukugita}, M. and {Gillespie}, B. and 
	{Gunn}, J.~E. and {Gurbani}, V.~K. and {de Haas}, E. and {Haldeman}, M. and 
	{Harris}, F.~H. and {Hayes}, J. and {Heckman}, T.~M. and {Hennessy}, G.~S. and 
	{Hindsley}, R.~B. and {Holm}, S. and {Holmgren}, D.~J. and {Huang}, C.-h. and 
	{Hull}, C. and {Husby}, D. and {Ichikawa}, S.-I. and {Ichikawa}, T. and 
	{Ivezi{\'c}}, {\v Z}. and {Kent}, S. and {Kim}, R.~S.~J. and 
	{Kinney}, E. and {Klaene}, M. and {Kleinman}, A.~N. and {Kleinman}, S. and 
	{Knapp}, G.~R. and {Korienek}, J. and {Kron}, R.~G. and {Kunszt}, P.~Z. and 
	{Lamb}, D.~Q. and {Lee}, B. and {Leger}, R.~F. and {Limmongkol}, S. and 
	{Lindenmeyer}, C. and {Long}, D.~C. and {Loomis}, C. and {Loveday}, J. and 
	{Lucinio}, R. and {Lupton}, R.~H. and {MacKinnon}, B. and {Mannery}, E.~J. and 
	{Mantsch}, P.~M. and {Margon}, B. and {McGehee}, P. and {McKay}, T.~A. and 
	{Meiksin}, A. and {Merelli}, A. and {Monet}, D.~G. and {Munn}, J.~A. and 
	{Narayanan}, V.~K. and {Nash}, T. and {Neilsen}, E. and {Neswold}, R. and 
	{Newberg}, H.~J. and {Nichol}, R.~C. and {Nicinski}, T. and 
	{Nonino}, M. and {Okada}, N. and {Okamura}, S. and {Ostriker}, J.~P. and 
	{Owen}, R. and {Pauls}, A.~G. and {Peoples}, J. and {Peterson}, R.~L. and 
	{Petravick}, D. and {Pier}, J.~R. and {Pope}, A. and {Pordes}, R. and 
	{Prosapio}, A. and {Rechenmacher}, R. and {Quinn}, T.~R. and 
	{Richards}, G.~T. and {Richmond}, M.~W. and {Rivetta}, C.~H. and 
	{Rockosi}, C.~M. and {Ruthmansdorfer}, K. and {Sandford}, D. and 
	{Schlegel}, D.~J. and {Schneider}, D.~P. and {Sekiguchi}, M. and 
	{Sergey}, G. and {Shimasaku}, K. and {Siegmund}, W.~A. and {Smee}, S. and 
	{Smith}, J.~A. and {Snedden}, S. and {Stone}, R. and {Stoughton}, C. and 
	{Strauss}, M.~A. and {Stubbs}, C. and {SubbaRao}, M. and {Szalay}, A.~S. and 
	{Szapudi}, I. and {Szokoly}, G.~P. and {Thakar}, A.~R. and {Tremonti}, C. and 
	{Tucker}, D.~L. and {Uomoto}, A. and {Vanden Berk}, D. and {Vogeley}, M.~S. and 
	{Waddell}, P. and {Wang}, S.-i. and {Watanabe}, M. and {Weinberg}, D.~H. and 
	{Yanny}, B. and {Yasuda}, N. and {SDSS Collaboration}},
    title = "{The Sloan Digital Sky Survey: Technical Summary}",
  journal = {\aj},
   eprint = {astro-ph/0006396},
 keywords = {Cosmology: Observations, Instrumentation: Miscellaneous},
     year = 2000,
    month = sep,
   volume = 120,
    pages = {1579-1587},
      doi = {10.1086/301513},
   adsurl = {http://adsabs.harvard.edu/abs/2000AJ....120.1579Y},
  adsnote = {Provided by the SAO/NASA Astrophysics Data System}
}
% CfA Survey
@ARTICLE{1989Sci...246..897G,
   author = {{Geller}, M.~J. and {Huchra}, J.~P.},
    title = "{Mapping the universe}",
  journal = {Science},
 keywords = {Astronomical Maps, Galactic Structure, Hubble Constant, Universe, Cosmology, Emission Spectra, Line Of Sight, Line Spectra},
     year = 1989,
    month = nov,
   volume = 246,
    pages = {897-903},
      doi = {10.1126/science.246.4932.897},
   adsurl = {http://adsabs.harvard.edu/abs/1989Sci...246..897G},
  adsnote = {Provided by the SAO/NASA Astrophysics Data System}
}
% ~1980 inflation
@ARTICLE{1981PhRvD..23..347G,
   author = {{Guth}, A.~H.},
    title = "{Inflationary universe: A possible solution to the horizon and flatness problems}",
  journal = {\prd},
     year = 1981,
    month = jan,
   volume = 23,
    pages = {347-356},
      doi = {10.1103/PhysRevD.23.347},
   adsurl = {http://adsabs.harvard.edu/abs/1981PhRvD..23..347G},
  adsnote = {Provided by the SAO/NASA Astrophysics Data System}
}
% Cosmic Web
@ARTICLE{1996Natur.380..603B,
   author = {{Bond}, J.~R. and {Kofman}, L. and {Pogosyan}, D.},
    title = "{How filaments of galaxies are woven into the cosmic web}",
  journal = {\nat},
   eprint = {astro-ph/9512141},
     year = 1996,
    month = apr,
   volume = 380,
    pages = {603-606},
      doi = {10.1038/380603a0},
   adsurl = {http://adsabs.harvard.edu/abs/1996Natur.380..603B},
  adsnote = {Provided by the SAO/NASA Astrophysics Data System}
}
% Numerical simulations of cosmic structure: Milennium Simulation
@ARTICLE{2005Natur.435..629S,
   author = {{Springel}, V. and {White}, S.~D.~M. and {Jenkins}, A. and {Frenk}, C.~S. and 
	{Yoshida}, N. and {Gao}, L. and {Navarro}, J. and {Thacker}, R. and 
	{Croton}, D. and {Helly}, J. and {Peacock}, J.~A. and {Cole}, S. and 
	{Thomas}, P. and {Couchman}, H. and {Evrard}, A. and {Colberg}, J. and 
	{Pearce}, F.},
    title = "{Simulations of the formation, evolution and clustering of galaxies and quasars}",
  journal = {\nat},
   eprint = {astro-ph/0504097},
     year = 2005,
    month = jun,
   volume = 435,
    pages = {629-636},
      doi = {10.1038/nature03597},
   adsurl = {http://adsabs.harvard.edu/abs/2005Natur.435..629S},
  adsnote = {Provided by the SAO/NASA Astrophysics Data System}
}


% Book solely on Cygnus A. Seems to be a bunch of articles bundled.
%%%%%%%%%%%%%%%%%%%%%%%%%%%%%%%%%%%%%%%%%%%%%%%%%%%%%%%%%%%%%%%%%%%%%%%%%%%%%%%%
@BOOK{1996cyga.book.....C,
   author = {{Carilli}, C.~L. and {Harris}, D.~E.},
    title = "{Cygnus A -- Study of a Radio Galaxy}",
booktitle = {Cygnus A -- Studay of a Radio Galaxy},
     year = 1996,
    month = jul,
    pages = {281},
   adsurl = {http://adsabs.harvard.edu/abs/1996cyga.book.....C},
  adsnote = {Provided by the SAO/NASA Astrophysics Data System},
}
@INBOOK{1996cyga.book....1S,
   author = {{Stockton}, A. and {Ridgway}, S.},
    title = "{Optical and near IR observations of Cygnus A}",
booktitle = {Cygnus A -- Studay of a Radio Galaxy},
     year = 1996,
   editor = {{Carilli}, C.~L. and {Harris}, D.~E.},
    pages = {1},
   adsurl = {http://adsabs.harvard.edu/abs/1996cyga.book....1S},
  adsnote = {Provided by the SAO/NASA Astrophysics Data System},
}

% Section The Optical Galaxy and the Hidden Quasar
% References not copy-pasted...

% Section The Radio Jets and Hot Spots
@INBOOK{1996cyga.book...76C,
   author = {{Carilli}, C. and {Perley}, R. and {Bartel}, N. and {Dreher}, J.},
    title = "{The jets in Cygnus A: from pc- to kpc-scales}",
booktitle = {Cygnus A -- Studay of a Radio Galaxy},
     year = 1996,
   editor = {{Carilli}, C.~L. and {Harris}, D.~E.},
    pages = {76},
   adsurl = {http://adsabs.harvard.edu/abs/1996cyga.book...76C},
  adsnote = {Provided by the SAO/NASA Astrophysics Data System},
}
@INBOOK{1996cyga.book...86S,
   author = {{Sorathia}, B. and {Bartel}, N. and {Beitenholz}, M. and {Carilli}, C.},
    title = "{The parsec-scale jet and counterjet in Cygnus A}",
booktitle = {Cygnus A -- Studay of a Radio Galaxy},
     year = 1996,
   editor = {{Carilli}, C.~L. and {Harris}, D.~E.},
    pages = {86},
   adsurl = {http://adsabs.harvard.edu/abs/1996cyga.book...86S},
  adsnote = {Provided by the SAO/NASA Astrophysics Data System},
}
@INBOOK{1996cyga.book...92K,
   author = {{Krichbaum}, T.~P. and {Alef}, W. and {Witzel}, A.},
    title = "{High-resolution VLBI imaging of the inner jet of Cygnus A}",
booktitle = {Cygnus A -- Studay of a Radio Galaxy},
     year = 1996,
   editor = {{Carilli}, C.~L. and {Harris}, D.~E.},
    pages = {92},
   adsurl = {http://adsabs.harvard.edu/abs/1996cyga.book...92K},
  adsnote = {Provided by the SAO/NASA Astrophysics Data System},
}
% Rest of references in section not copy-pasted...

% Section The Radio Lobes and the Cluster Gas
@INBOOK{1996cyga.book..149A,
   author = {{Alexander}, P. and {Pooley}, G.~G.},
    title = "{The large-scale structure, dynamics and thermodynamics of Cygnus A}",
booktitle = {Cygnus A -- Studay of a Radio Galaxy},
     year = 1996,
   editor = {{Carilli}, C.~L. and {Harris}, D.~E.},
    pages = {149},
   adsurl = {http://adsabs.harvard.edu/abs/1996cyga.book..149A},
  adsnote = {Provided by the SAO/NASA Astrophysics Data System}
}
@INBOOK{1996cyga.book..158R,
   author = {{Rudnick}, L. and {Katz-Stone}, D.},
    title = "{Powerful diagnostics of Cygnus A's relativistic electrons}",
booktitle = {Cygnus A -- Studay of a Radio Galaxy},
     year = 1996,
   editor = {{Carilli}, C.~L. and {Harris}, D.~E.},
    pages = {158},
   adsurl = {http://adsabs.harvard.edu/abs/1996cyga.book..158R},
  adsnote = {Provided by the SAO/NASA Astrophysics Data System}
}
@INBOOK{1996cyga.book..168P,
   author = {{Perley}, R.~A. and {Carilli}, C.~L.},
    title = "{The structure and polarization of Cygnus A at {$\lambda$} 3.6cm}",
booktitle = {Cygnus A -- Studay of a Radio Galaxy},
     year = 1996,
   editor = {{Carilli}, C.~L. and {Harris}, D.~E.},
    pages = {168},
   adsurl = {http://adsabs.harvard.edu/abs/1996cyga.book..168P},
  adsnote = {Provided by the SAO/NASA Astrophysics Data System}
}
@INBOOK{1996cyga.book..182K,
   author = {{Kassim}, N. and {Perley}, R.~A. and {Carilli}, C.~L. and {Harris}, D.~E. and {Erickson}, W.~C.},
    title = "{Low Frequency Observations of Cygnus A}",
booktitle = {Cygnus A -- Studay of a Radio Galaxy},
     year = 1996,
   editor = {{Carilli}, C.~L. and {Harris}, D.~E.},
    pages = {182},
   adsurl = {http://adsabs.harvard.edu/abs/1996cyga.book..182K},
  adsnote = {Provided by the SAO/NASA Astrophysics Data System}
}
@INBOOK{1996cyga.book..191R,
   author = {{Reynolds}, C.~S. and {Fabian}, A.~C.},
    title = "{The X-ray properties of Cygnus-A}",
booktitle = {Cygnus A -- Studay of a Radio Galaxy},
     year = 1996,
   editor = {{Carilli}, C.~L. and {Harris}, D.~E.},
    pages = {191},
   adsurl = {http://adsabs.harvard.edu/abs/1996cyga.book..191R},
  adsnote = {Provided by the SAO/NASA Astrophysics Data System}
}
@INBOOK{1996cyga.book..199C,
   author = {{Clarke}, D.~A. and {Harris}, D.~E.},
    title = "{A hydrodynamical model of the X-Ray cavities in Cygnus A}",
booktitle = {Cygnus A -- Studay of a Radio Galaxy},
     year = 1996,
   editor = {{Carilli}, C.~L. and {Harris}, D.~E.},
    pages = {199},
   adsurl = {http://adsabs.harvard.edu/abs/1996cyga.book..199C},
  adsnote = {Provided by the SAO/NASA Astrophysics Data System}
}
@INBOOK{1996cyga.book..209B,
   author = {{Begelman}, M.~C.},
    title = "{Baby Cygnus A's}",
booktitle = {Cygnus A -- Studay of a Radio Galaxy},
     year = 1996,
   editor = {{Carilli}, C.~L. and {Harris}, D.~E.},
    pages = {209},
   adsurl = {http://adsabs.harvard.edu/abs/1996cyga.book..209B},
  adsnote = {Provided by the SAO/NASA Astrophysics Data System}
}
@INBOOK{1996cyga.book..215W,
   author = {{Wellman}, G. and {Daly}, R.},
    title = "{Lateral expansion of the bridges of Cygnus A and other powerful radio sources}",
booktitle = {Cygnus A -- Studay of a Radio Galaxy},
     year = 1996,
   editor = {{Carilli}, C.~L. and {Harris}, D.~E.},
    pages = {215},
   adsurl = {http://adsabs.harvard.edu/abs/1996cyga.book..215W},
  adsnote = {Provided by the SAO/NASA Astrophysics Data System}
}
@INBOOK{1996cyga.book..221D,
   author = {{Degraff}, D. and {Christiansen}, W.},
    title = "{Chaos in the lobes: observations and simulations}",
booktitle = {Cygnus A -- Studay of a Radio Galaxy},
     year = 1996,
   editor = {{Carilli}, C.~L. and {Harris}, D.~E.},
    pages = {221},
   adsurl = {http://adsabs.harvard.edu/abs/1996cyga.book..221D},
  adsnote = {Provided by the SAO/NASA Astrophysics Data System}
}

% Section Cygnus A in Context
@INBOOK{1996cyga.book..231E,
   author = {{Eales}, S.},
    title = "{The connection between Cygnus A and the high-redshift 3C radio galaxies}",
booktitle = {Cygnus A -- Studay of a Radio Galaxy},
     year = 1996,
   editor = {{Carilli}, C.~L. and {Harris}, D.~E.},
    pages = {231},
   adsurl = {http://adsabs.harvard.edu/abs/1996cyga.book..231E},
  adsnote = {Provided by the SAO/NASA Astrophysics Data System}
}
@INBOOK{1996cyga.book..240W,
   author = {{Wan}, L. and {Daly}, R.},
    title = "{FRII radio sources in rich clusters of galaxies}",
booktitle = {Cygnus A -- Studay of a Radio Galaxy},
     year = 1996,
   editor = {{Carilli}, C.~L. and {Harris}, D.~E.},
    pages = {240},
   adsurl = {http://adsabs.harvard.edu/abs/1996cyga.book..240W},
  adsnote = {Provided by the SAO/NASA Astrophysics Data System}
}
@INBOOK{1996cyga.book..246W,
   author = {{Wellman}, G. and {Daly}, R.},
    title = "{The use of radio observations to probe ambient gas densities}",
booktitle = {Cygnus A -- Studay of a Radio Galaxy},
     year = 1996,
   editor = {{Carilli}, C.~L. and {Harris}, D.~E.},
    pages = {246},
   adsurl = {http://adsabs.harvard.edu/abs/1996cyga.book..246W},
  adsnote = {Provided by the SAO/NASA Astrophysics Data System}
}
@INBOOK{1996cyga.book..252G,
   author = {{Guerra}, E. and {Daly}, R.},
    title = "{Cygnus A and other 3CR sources in cosmological tests}",
booktitle = {Cygnus A -- Studay of a Radio Galaxy},
     year = 1996,
   editor = {{Carilli}, C.~L. and {Harris}, D.~E.},
    pages = {252},
   adsurl = {http://adsabs.harvard.edu/abs/1996cyga.book..252G},
  adsnote = {Provided by the SAO/NASA Astrophysics Data System}
}
@INBOOK{1996cyga.book..258S,
   author = {{Simkin}, S.~M. and {Callcut}, J.},
    title = "{Pictor A - Cygnus A from a different aspect?}",
booktitle = {Cygnus A -- Studay of a Radio Galaxy},
     year = 1996,
   editor = {{Carilli}, C.~L. and {Harris}, D.~E.},
    pages = {258},
   adsurl = {http://adsabs.harvard.edu/abs/1996cyga.book..258S},
  adsnote = {Provided by the SAO/NASA Astrophysics Data System}
}

% Section Conference Summary
@INBOOK{1996cyga.book..264B,
   author = {{Blandford}, R.~D.},
    title = "{The untangling of Cygnus A}",
booktitle = {Cygnus A -- Studay of a Radio Galaxy},
     year = 1996,
   editor = {{Carilli}, C.~L. and {Harris}, D.~E.},
    pages = {264},
   adsurl = {http://adsabs.harvard.edu/abs/1996cyga.book..264B},
  adsnote = {Provided by the SAO/NASA Astrophysics Data System}
}

% Book that bundles classic Radio Astronomy papers, e.g. Reber's 1940-1948 work.
%%%%%%%%%%%%%%%%%%%%%%%%%%%%%%%%%%%%%%%%%%%%%%%%%%%%%%%%%%%%%%%%%%%%%%%%%%%%%%%%
# Discovery of Cygnus A :-)...
@BOOK{1982cra..book.....S,
   author = {{Sullivan}, III, W.~T.},
    title = "{Classics in radio astronomy}",
 keywords = {Astronomical Spectroscopy, Background Radiation, Galactic Radiation, Radio Astronomy, Radio Sources (Astronomy), Solar System, Astronomical Maps, Cosmic Rays, Dicke Radiometers, Interferometry, Lunar Radiation, Milky Way Galaxy, Solar Corona, Synchrotron Radiation},
booktitle = {Classics in Radio Astronomy},
     year = 1982,
   adsurl = {http://adsabs.harvard.edu/abs/1982cra..book.....S},
  adsnote = {Provided by the SAO/NASA Astrophysics Data System}
}
% Discovery of 160 and 480 MHz radiation from Cygnus (constellation).
@INBOOK{1982cra..book...46R,
   author = {{Reber}, G.},
    title = "{1940, Cosmic Static}",
booktitle = {Classics in Radio Astronomy},
     year = 1982,
   editor = {{Sullivan}, III, W.~T.},
    pages = {46},
   adsurl = {http://adsabs.harvard.edu/abs/1982cra..book...46R},
  adsnote = {Provided by the SAO/NASA Astrophysics Data System}
}
@INBOOK{1982cra..book...56R,
   author = {{Reber}, G.},
    title = "{1940, Cosmic Static}",
booktitle = {Classics in Radio Astronomy},
     year = 1982,
   editor = {{Sullivan}, III, W.~T.},
    pages = {56},
   adsurl = {http://adsabs.harvard.edu/abs/1982cra..book...56R},
  adsnote = {Provided by the SAO/NASA Astrophysics Data System}
}
@INBOOK{1982cra..book...61R,
   author = {{Reber}, G.},
    title = "{1944, Cosmic Static}",
booktitle = {Classics in Radio Astronomy},
     year = 1982,
   editor = {{Sullivan}, III, W.~T.},
    pages = {61},
   adsurl = {http://adsabs.harvard.edu/abs/1982cra..book...61R},
  adsnote = {Provided by the SAO/NASA Astrophysics Data System}
}
@ARTICLE{1944ApJ...100..279R,
   author = {{Reber}, G.},
    title = "{Cosmic Static.}",
  journal = {\apj},
     year = 1944,
    month = nov,
   volume = 100,
    pages = {279},
      doi = {10.1086/144668},
   adsurl = {http://adsabs.harvard.edu/abs/1944ApJ...100..279R},
  adsnote = {Provided by the SAO/NASA Astrophysics Data System}
}
@INBOOK{1982cra..book...70R,
   author = {{Reber}, G.},
    title = "{1948, Cosmic Static}",
booktitle = {Classics in Radio Astronomy},
     year = 1982,
   editor = {{Sullivan}, III, W.~T.},
    pages = {70},
   adsurl = {http://adsabs.harvard.edu/abs/1982cra..book...70R},
  adsnote = {Provided by the SAO/NASA Astrophysics Data System}
}
@incollection{reber1948cosmic,
    title = {Cosmic static},
   author = {{Reber}, G.},
booktitle = {Classics in Radio Astronomy},
    pages = {70--79},
     year = {1948},
}
% Realisation Reber detected a discrete source: discovery of Cygnus A.
@INBOOK{1982cra..book..228H,
   author = {{Hey}, J.~S. and {Parsons}, S.~J. and {Phillips}, J.~W.},
    title = "{1946, Fluctuations in Cosmic Radiation at Radio-Frequencies}",
booktitle = {Classics in Radio Astronomy},
     year = 1982,
   editor = {{Sullivan}, III, W.~T.},
    pages = {228},
   adsurl = {http://adsabs.harvard.edu/abs/1982cra..book..228H},
  adsnote = {Provided by the SAO/NASA Astrophysics Data System}
}
@ARTICLE{1946Natur.158..234H,
   author = {{Hey}, J.~S. and {Parsons}, S.~J. and {Phillips}, J.~W.},
    title = "{Fluctuations in Cosmic Radiation at Radio-Frequencies}",
  journal = {\nat},
     year = 1946,
    month = aug,
   volume = 158,
    pages = {234},
      doi = {10.1038/158234a0},
   adsurl = {http://adsabs.harvard.edu/abs/1946Natur.158..234H},
  adsnote = {Provided by the SAO/NASA Astrophysics Data System}
}
@INBOOK{1982cra..book..231B,
   author = {{Bolton}, J.~G. and {Stanley}, G.~J.},
    title = "{1948, Variable Source of Radio-Frequency Radiation in the Constellation of Cygnus}",
booktitle = {Classics in Radio Astronomy},
     year = 1982,
   editor = {{Sullivan}, III, W.~T.},
    pages = {231},
   adsurl = {http://adsabs.harvard.edu/abs/1982cra..book..231B},
  adsnote = {Provided by the SAO/NASA Astrophysics Data System}
}
@ARTICLE{1948Natur.161..312B,
   author = {{Bolton}, J.~G. and {Stanley}, G.~J.},
    title = "{Variable Source of Radio Frequency Radiation in the Constellation of Cygnus}",
  journal = {\nat},
     year = 1948,
    month = feb,
   volume = 161,
    pages = {312-313},
      doi = {10.1038/161312b0},
   adsurl = {http://adsabs.harvard.edu/abs/1948Natur.161..312B},
  adsnote = {Provided by the SAO/NASA Astrophysics Data System}
}
@INBOOK{1982cra..book..234R,
   author = {{Ryle}, M. and {Smith}, F.~G.},
    title = "{1948, A New Intense Source of Radio-Frequency Radiation in the Constellation of Cassiopeia}",
booktitle = {Classics in Radio Astronomy},
     year = 1982,
   editor = {{Sullivan}, III, W.~T.},
    pages = {234},
   adsurl = {http://adsabs.harvard.edu/abs/1982cra..book..234R},
  adsnote = {Provided by the SAO/NASA Astrophysics Data System}
}
@INBOOK{1982cra..book..239B,
   author = {{Bolton}, J.~G. and {Stanley}, G.~J. and {Slee}, O.~B.},
    title = "{1949, Positions of Three Discrete Sources of Galactic Radio-Frequency Radiation}",
booktitle = {Classics in Radio Astronomy},
     year = 1982,
   editor = {{Sullivan}, III, W.~T.},
    pages = {239},
   adsurl = {http://adsabs.harvard.edu/abs/1982cra..book..239B},
  adsnote = {Provided by the SAO/NASA Astrophysics Data System}
}
@INBOOK{1982cra..book..248S,
   author = {{Smith}, F.~G.},
    title = "{1951, An Accurate Determination of the Positions of Four Radio Stars}",
booktitle = {Classics in Radio Astronomy},
     year = 1982,
   editor = {{Sullivan}, III, W.~T.},
    pages = {248},
   adsurl = {http://adsabs.harvard.edu/abs/1982cra..book..248S},
  adsnote = {Provided by the SAO/NASA Astrophysics Data System}
}
@ARTICLE{1951Natur.168..555S,
   author = {{Smith}, F.~G.},
    title = "{An Accurate Determination of the Positions of Four Radio Stars}",
  journal = {\nat},
     year = 1951,
    month = sep,
   volume = 168,
    pages = {555},
      doi = {10.1038/168555a0},
   adsurl = {http://adsabs.harvard.edu/abs/1951Natur.168..555S},
  adsnote = {Provided by the SAO/NASA Astrophysics Data System}
}
@INBOOK{1982cra..book..251B,
   author = {{Baade}, W. and {Minkowski}, R.},
    title = "{1954, Identification of the Radio Sources in Cassiopeia, Cygnus A and Puppis A}",
booktitle = {Classics in Radio Astronomy},
     year = 1982,
   editor = {{Sullivan}, III, W.~T.},
    pages = {251},
   adsurl = {http://adsabs.harvard.edu/abs/1982cra..book..251B},
  adsnote = {Provided by the SAO/NASA Astrophysics Data System}
}
% Cygnus A contains a compact radio source and is the brighest of a cluster of galaxies
@ARTICLE{1954ApJ...119..206B,
   author = {{Baade}, W. and {Minkowski}, R.},
    title = "{Identification of the Radio Sources in Cassiopeia, Cygnus A, and Puppis A.}",
  journal = {\apj},
     year = 1954,
    month = jan,
   volume = 119,
    pages = {206},
      doi = {10.1086/145812},
   adsurl = {http://adsabs.harvard.edu/abs/1954ApJ...119..206B},
  adsnote = {Provided by the SAO/NASA Astrophysics Data System}
}
@INBOOK{1982cra..book..275H,
   author = {{Hanbury Brown}, R. and {Jennison}, R.~C. and {Das Gupta}, M.~K.},
    title = "{1952, Apparent Angular Sizes of Discrete Radio Sources}",
booktitle = {Classics in Radio Astronomy},
     year = 1982,
   editor = {{Sullivan}, III, W.~T.},
    pages = {275},
   adsurl = {http://adsabs.harvard.edu/abs/1982cra..book..275H},
  adsnote = {Provided by the SAO/NASA Astrophysics Data System}
}
@ARTICLE{1952Natur.170.1061H,
   author = {{Hanbury Brown}, R. and {Jennison}, R.~C. and {Gupta}, M.~K.~D.},
    title = "{Apparent Angular Sizes of Discrete Radio Sources: Observations at Jodrell Bank, Manchester}",
  journal = {\nat},
     year = 1952,
    month = dec,
   volume = 170,
    pages = {1061-1063},
      doi = {10.1038/1701061a0},
   adsurl = {http://adsabs.harvard.edu/abs/1952Natur.170.1061H},
  adsnote = {Provided by the SAO/NASA Astrophysics Data System}
}

@INBOOK{1982cra..book..282M,
   author = {{Mills}, B.~Y.},
    title = "{1952, Apparent Angular Sizes of Discrete Radio Sources}",
booktitle = {Classics in Radio Astronomy},
     year = 1982,
   editor = {{Sullivan}, III, W.~T.},
    pages = {282},
   adsurl = {http://adsabs.harvard.edu/abs/1982cra..book..282M},
  adsnote = {Provided by the SAO/NASA Astrophysics Data System}
}
@ARTICLE{1952Natur.170.1063M,
   author = {{Mills}, B.~Y.},
    title = "{Apparent Angular Sizes of Discrete Radio Sources: Observations at Sydney}",
  journal = {\nat},
     year = 1952,
    month = dec,
   volume = 170,
    pages = {1063-1064},
      doi = {10.1038/1701063a0},
   adsurl = {http://adsabs.harvard.edu/abs/1952Natur.170.1063M},
  adsnote = {Provided by the SAO/NASA Astrophysics Data System}
}
@INBOOK{1982cra..book..287S,
   author = {{Smith}, F.~G.},
    title = "{1952, Apparent Angular Sizes of Discrete Radio Sources}",
booktitle = {Classics in Radio Astronomy},
     year = 1982,
   editor = {{Sullivan}, III, W.~T.},
    pages = {287},
   adsurl = {http://adsabs.harvard.edu/abs/1982cra..book..287S},
  adsnote = {Provided by the SAO/NASA Astrophysics Data System}
}
@ARTICLE{1952Natur.170.1065S,
   author = {{Smith}, F.~G.},
    title = "{Apparent Angular Sizes of Discrete Radio Sources: Observations at Cambridge}",
  journal = {\nat},
     year = 1952,
    month = dec,
   volume = 170,
    pages = {1065},
      doi = {10.1038/1701065a0},
   adsurl = {http://adsabs.harvard.edu/abs/1952Natur.170.1065S},
  adsnote = {Provided by the SAO/NASA Astrophysics Data System}
}
@INBOOK{1982cra..book..291J,
   author = {{Jennison}, R.~C. and {Das Gupta}, M.~K.},
    title = "{1953, Fine Structure of Extra-Terrestrial Radio Source Cygnus I}",
booktitle = {Classics in Radio Astronomy},
     year = 1982,
   editor = {{Sullivan}, III, W.~T.},
    pages = {291},
   adsurl = {http://adsabs.harvard.edu/abs/1982cra..book..291J},
  adsnote = {Provided by the SAO/NASA Astrophysics Data System}
}
@ARTICLE{1953Natur.172..996J,
   author = {{Jennison}, R.~C. and {Das Gupta}, M.~K.},
    title = "{Fine Structure of the Extra-terrestrial Radio Source Cygnus I}",
  journal = {\nat},
     year = 1953,
    month = nov,
   volume = 172,
    pages = {996-997},
      doi = {10.1038/172996a0},
   adsurl = {http://adsabs.harvard.edu/abs/1953Natur.172..996J},
  adsnote = {Provided by the SAO/NASA Astrophysics Data System}
}

% Various references on Cygnus A
%%%%%%%%%%%%%%%%%%%%%%%%%%%%%%%%%%%%%%%%%%%%%%%%%%%%%%%%%%%%%%%%%%%%%%%%%%%%%%%%
% Incorrect radio star hypothesis
@ARTICLE{1949PPSA...62..491R,
   author = {{Ryle}, M.},
    title = "{Evidence for the Stellar Origin of Cosmic Rays}",
  journal = {Proceedings of the Physical Society A},
     year = 1949,
    month = aug,
   volume = 62,
    pages = {491-499},
      doi = {10.1088/0370-1298/62/8/303},
   adsurl = {http://adsabs.harvard.edu/abs/1949PPSA...62..491R},
  adsnote = {Provided by the SAO/NASA Astrophysics Data System}
}

% Cyg A Radio fluctuations at time of discovery due to ionospheric fluctuations
@ARTICLE{1950AuSRA...3..234S,
   author = {{Stanley}, G.~J. and {Slee}, O.~B.},
    title = "{Galactic Radiation at Radio Frequencies. II. The Discrete Sources}",
  journal = {Australian Journal of Scientific Research A Physical Sciences},
     year = 1950,
    month = jun,
   volume = 3,
    pages = {234},
   adsurl = {http://adsabs.harvard.edu/abs/1950AuSRA...3..234S},
  adsnote = {Provided by the SAO/NASA Astrophysics Data System}
}
@ARTICLE{1950Natur.165..422S,
   author = {{Smith}, F.~G.},
    title = "{Origin of the Fluctuations in the Intensity of Radio Waves from Galactic Sources: Cambridge Observations}",
  journal = {\nat},
     year = 1950,
    month = mar,
   volume = 165,
    pages = {422-423},
      doi = {10.1038/165422a0},
   adsurl = {http://adsabs.harvard.edu/abs/1950Natur.165..422S},
  adsnote = {Provided by the SAO/NASA Astrophysics Data System}
}
@ARTICLE{1950Natur.165..423L,
   author = {{Little}, C.~G. and {Lovell}, A.~C.~B.},
    title = "{Origin of the Fluctuations in the Intensity of Radio Waves from Galactic Sources: Jodrell Bank Observations}",
  journal = {\nat},
     year = 1950,
    month = mar,
   volume = 165,
    pages = {423-424},
      doi = {10.1038/165423a0},
   adsurl = {http://adsabs.harvard.edu/abs/1950Natur.165..423L},
  adsnote = {Provided by the SAO/NASA Astrophysics Data System}
}

% Observed position of galaxy coicides with Cygnus radio emission, but surely the radio cannot originate from galaxy.
@ARTICLE{1951AuSRA...4..158M,
   author = {{Mills}, B.~Y. and {Thomas}, A.~B.},
    title = "{Observations of the Sources of Radio-Frequency Radiation in the Constellation of Cygnus}",
  journal = {Australian Journal of Scientific Research A Physical Sciences},
     year = 1951,
    month = jun,
   volume = 4,
    pages = {158},
   adsurl = {http://adsabs.harvard.edu/abs/1951AuSRA...4..158M},
  adsnote = {Provided by the SAO/NASA Astrophysics Data System}
}


% Review on Cygnus A
@ARTICLE{1996A&ARv...7....1C,
   author = {{Carilli}, C.~L. and {Barthel}, P.~D.},
    title = "{Cygnus A}",
  journal = {\aapr},
 keywords = {Key words: Galaxies: active, Galaxies: individual: Cygnus A, Radio continuum: galaxies},
     year = 1996,
   volume = 7,
    pages = {1-54},
      doi = {10.1007/s001590050001},
   adsurl = {http://adsabs.harvard.edu/abs/1996A%26ARv...7....1C},
  adsnote = {Provided by the SAO/NASA Astrophysics Data System}
}

% VLA 1.4 and 5 GHz high dynamic range Cyg A observation => unexpected filamentary structure.
@ARTICLE{1984ApJ...285L..35P,
   author = {{Perley}, R.~A. and {Dreher}, J.~W. and {Cowan}, J.~J.},
    title = "{The jet and filaments in Cygnus A}",
  journal = {\apjl},
 keywords = {Astronomical Spectroscopy, Galactic Structure, Plasma Jets, Radio Galaxies, Interferometry, Radiant Flux Density, Spectral Energy Distribution},
     year = 1984,
    month = oct,
   volume = 285,
    pages = {L35-L38},
      doi = {10.1086/184360},
   adsurl = {http://adsabs.harvard.edu/abs/1984ApJ...285L..35P},
  adsnote = {Provided by the SAO/NASA Astrophysics Data System}
}


% First Detection of X-ray source 2U 1957+40 /w counterpart Cyg A.
@ARTICLE{1972ApJ...178..281G,
   author = {{Giacconi}, R. and {Murray}, S. and {Gursky}, H. and {Kellogg}, E. and
    {Schreier}, E. and {Tananbaum}, H.},
    title = "{The Uhuru catalog of X-ray sources.}",
  journal = {\apj},
     year = 1972,
    month = dec,
   volume = 178,
    pages = {281-308},
      doi = {10.1086/151790},
   adsurl = {http://adsabs.harvard.edu/abs/1972ApJ...178..281G},
  adsnote = {Provided by the SAO/NASA Astrophysics Data System}
}

% 2U 1957+40 follow-up X-ray observation with Copernicus
@ARTICLE{1974MNRAS.168..479L,
   author = {{Longair}, M.~S. and {Willmore}, A.~P.},
    title = "{The X-ray spectrum of Cygnus-A}",
  journal = {\mnras},
     year = 1974,
    month = sep,
   volume = 168,
    pages = {479-490},
      doi = {10.1093/mnras/168.3.479},
   adsurl = {http://adsabs.harvard.edu/abs/1974MNRAS.168..479L},
  adsnote = {Provided by the SAO/NASA Astrophysics Data System}
}
% Optical luminosity quoted by Longair and Willmore.
@ARTICLE{1972MNRAS.158..245M,
   author = {{Mitton}, S. and {Mitton}, J.},
    title = "{The emission-line spectrum of Cygnus A}",
  journal = {\mnras},
     year = 1972,
   volume = 158,
    pages = {245},
      doi = {10.1093/mnras/158.3.245},
   adsurl = {http://adsabs.harvard.edu/abs/1972MNRAS.158..245M},
  adsnote = {Provided by the SAO/NASA Astrophysics Data System}
}
% Infrared luminosity quoted by Longair and Willmore.
@ARTICLE{1972ApJ...176L..95R,
   author = {{Rieke}, G.~H. and {Low}, F.~J.},
    title = "{Infrared Photometry of Extragalactic Sources}",
  journal = {\apjl},
     year = 1972,
    month = sep,
   volume = 176,
    pages = {L95},
      doi = {10.1086/181031},
   adsurl = {http://adsabs.harvard.edu/abs/1972ApJ...176L..95R},
  adsnote = {Provided by the SAO/NASA Astrophysics Data System}
}
% Radio structure and luminosity quoted by Longair and Willmore.
@ARTICLE{1974MNRAS.166..305H,
   author = {{Hargrave}, P.~J. and {Ryle}, M.},
    title = "{Observations of Cygnus A with the 5-km radio telescope.}",
  journal = {\mnras},
     year = 1974,
    month = feb,
   volume = 166,
    pages = {305-327},
      doi = {10.1093/mnras/166.2.305},
   adsurl = {http://adsabs.harvard.edu/abs/1974MNRAS.166..305H},
  adsnote = {Provided by the SAO/NASA Astrophysics Data System}
}

% 2U 1957+40 is an extended source. HEAO 1 observations
@ARTICLE{1979ApJ...230L..67F,
   author = {{Fabbiano}, G. and {Schwartz}, D.~A. and {Schwarz}, J. and {Doxsey}, R.~E. and
    {Johnston}, M.},
    title = "{HEAO 1 scanning modulation collimator discovery of an extended X-ray source at Cygnus A}",
  journal = {\apjl},
 keywords = {Collimators, Cygnus Constellation, Heao 1, Radio Galaxies, X Ray Sources, Galactic Clusters, Modulation, Scanning},
     year = 1979,
    month = jun,
   volume = 230,
    pages = {L67-L71},
      doi = {10.1086/182963},
   adsurl = {http://adsabs.harvard.edu/abs/1979ApJ...230L..67F},
  adsnote = {Provided by the SAO/NASA Astrophysics Data System}
}
% Observations of galaxy clusters: possible thermal emission
@ARTICLE{1972ApJ...173L..99G,
   author = {{Gursky}, H. and {Solinger}, A. and {Kellogg}, E.~M. and {Murray}, S. and 
	{Tananbaum}, H. and {Giacconi}, R. and {Cavaliere}, A.},
    title = "{X-Ray Emission from Rich Clusters of Galaxies}",
  journal = {\apjl},
     year = 1972,
    month = may,
   volume = 173,
    pages = {L99},
      doi = {10.1086/180926},
   adsurl = {http://adsabs.harvard.edu/abs/1972ApJ...173L..99G},
  adsnote = {Provided by the SAO/NASA Astrophysics Data System}
}
% ANS observations of 3U 1957+40: if Xray is a point source, then it is not originating from cD galaxy CygA.
@ARTICLE{1977ApJ...214...35B,
   author = {{Brinkman}, A.~C. and {Heise}, J. and {den Boggende}, A.~J.~F. and 
	{Grindlay}, J. and {Gursky}, H. and {Parsignault}, D.},
    title = "{X-ray observations of the Cygnus A region with ANS}",
  journal = {\apj},
 keywords = {Radio Sources (Astronomy), Spaceborne Astronomy, X Ray Astronomy, Astronomical Maps, Astronomical Netherlands Satellite, Extragalactic Radio Sources, Galactic Clusters, Galactic Radiation, Satellite Observation},
     year = 1977,
    month = may,
   volume = 214,
    pages = {35-37},
      doi = {10.1086/155227},
   adsurl = {http://adsabs.harvard.edu/abs/1977ApJ...214...35B},
  adsnote = {Provided by the SAO/NASA Astrophysics Data System}
}
% X-ray comes from non-thermal central galaxy (wrong)
@ARTICLE{1978ApJ...225..756K,
   author = {{Kafatos}, M.},
    title = "{The central, compact source in the Cygnus A galaxy}",
  journal = {\apj},
 keywords = {Astronomical Models, Extragalactic Radio Sources, Galactic Nuclei, Radio Galaxies, Infrared Radiation, Light Emission, Optical Thickness, Synchrotron Radiation, Variability},
     year = 1978,
    month = nov,
   volume = 225,
    pages = {756-767},
      doi = {10.1086/156539},
   adsurl = {http://adsabs.harvard.edu/abs/1978ApJ...225..756K},
  adsnote = {Provided by the SAO/NASA Astrophysics Data System}
}
% Isothermal sphere model
% Infall mechanism: radio galaxy powers X-ray source suggested for Virgo.
@ARTICLE{1978ApJ...219..413M,
   author = {{Mathews}, W.~G.},
    title = "{The enormous mass of the elliptical galaxy M87 - A model for the extended X-ray source}",
  journal = {\apj},
 keywords = {Astronomical Models, Elliptical Galaxies, Mass, X Ray Sources, Abundance, Faraday Effect, High Temperature Gases, Hydrostatics, Interstellar Gas, Isothermal Processes, Mass Distribution, Missing Mass (Astrophysics), Polarized Electromagnetic Radiation, Virgo Galactic Cluster, X Ray Astronomy},
     year = 1978,
    month = jan,
   volume = 219,
    pages = {413-423},
      doi = {10.1086/155794},
   adsurl = {http://adsabs.harvard.edu/abs/1978ApJ...219..413M},
  adsnote = {Provided by the SAO/NASA Astrophysics Data System}
}
% And Perseus cluster
@ARTICLE{1978ApJ...224..718G,
   author = {{Gorenstein}, P. and {Fabricant}, D. and {Topka}, K. and {Harnden}, Jr., F.~R. and {Tucker}, W.~H.},
    title = "{Soft X-ray structure of the Perseus cluster of galaxies}",
  journal = {\apj},
 keywords = {Galactic Clusters, Galactic Structure, X Ray Imagery, X Ray Sources, Absorption Spectra, Astronomical Models, Brightness, Cosmic Gases, Isothermal Processes, Rocket-Borne Instruments},
     year = 1978,
    month = sep,
   volume = 224,
    pages = {718-723},
      doi = {10.1086/156421},
   adsurl = {http://adsabs.harvard.edu/abs/1978ApJ...224..718G},
  adsnote = {Provided by the SAO/NASA Astrophysics Data System}
}
% First Einstein observatory paper on CygA (before Arnaud 1984)
@ARTICLE{1980HiA.....5..695F,
   author = {{Feigelson}, E.~D. and {Schreier}, E.~J.},
    title = "{Observations of three radio galaxies with the Einstein X-ray Observatory.}",
  journal = {Highlights of Astronomy},
 keywords = {Radio Galaxies:X Rays},
     year = 1980,
   volume = 5,
    pages = {695-697},
   adsurl = {http://adsabs.harvard.edu/abs/1980HiA.....5..695F},
  adsnote = {Provided by the SAO/NASA Astrophysics Data System}
}
% Cyg A surrounded by moderately rich cluster. Einstein observations.
@ARTICLE{1984MNRAS.211..981A,
   author = {{Arnaud}, K.~A. and {Fabian}, A.~C. and {Eales}, S.~A. and {Jones}, C. and
    {Forman}, W.},
    title = "{The intracluster gas around Cygnus-A}",
  journal = {\mnras},
 keywords = {Galactic Clusters, Intergalactic Media, Interstellar Gas, Radio Galaxies, X Ray Astronomy, Astronomical Maps, Cooling, Electron Density (Concentration), Heao 2, High Temperature Gases, Nonthermal Radiation},
     year = 1984,
    month = dec,
   volume = 211,
    pages = {981-989},
   adsurl = {http://adsabs.harvard.edu/abs/1984MNRAS.211..981A},
  adsnote = {Provided by the SAO/NASA Astrophysics Data System}
}
% Review of clusters (radio and xray). Bremsstrahlung favoured!
@ARTICLE{1977ARA&A..15..505B,
   author = {{Bahcall}, N.~A.},
    title = "{Clusters of galaxies}",
  journal = {\araa},
 keywords = {Classifications, Galactic Clusters, Galactic Radiation, Astronomical Catalogs, Density Distribution, Dynamic Characteristics, Galactic Evolution, Galactic Structure, Hubble Diagram, Interstellar Matter, Luminous Intensity, Missing Mass (Astrophysics), Radio Emission, Spiral Galaxies, Statics, X Ray Sources},
     year = 1977,
   volume = 15,
    pages = {505-540},
      doi = {10.1146/annurev.aa.15.090177.002445},
   adsurl = {http://adsabs.harvard.edu/abs/1977ARA%26A..15..505B},
  adsnote = {Provided by the SAO/NASA Astrophysics Data System}
}
% Cooling flow: main goal of the 1984 Arnaud et al. paper.
@ARTICLE{1977MNRAS.180..479F,
   author = {{Fabian}, A.~C. and {Nulsen}, P.~E.~J.},
    title = "{Subsonic accretion of cooling gas in clusters of galaxies}",
  journal = {\mnras},
 keywords = {Astronomical Models, Galactic Clusters, Galactic Evolution, Intergalactic Media, Interstellar Gas, Angular Momentum, Gas Temperature, Stellar Mass Accretion, X Ray Sources},
     year = 1977,
    month = aug,
   volume = 180,
    pages = {479-484},
      doi = {10.1093/mnras/180.3.479},
   adsurl = {http://adsabs.harvard.edu/abs/1977MNRAS.180..479F},
  adsnote = {Provided by the SAO/NASA Astrophysics Data System}
}
% ICM comes from inter cluster supply of gas (?)
@ARTICLE{1975PThPh..53..646T,
   author = {{Takahara}, F. and {Ikeuchi}, S.},
    title = "{Accretion to the Cluster of Galaxies and X-Ray Emission}",
  journal = {Progress of Theoretical Physics},
     year = 1975,
    month = mar,
   volume = 53,
    pages = {646-655},
      doi = {10.1143/PTP.53.646},
   adsurl = {http://adsabs.harvard.edu/abs/1975PThPh..53..646T},
  adsnote = {Provided by the SAO/NASA Astrophysics Data System}
}
% ICM is spit out by galaxies in the cluster
@ARTICLE{1973ApJ...185..787Y,
   author = {{Yahil}, A. and {Ostriker}, J.~P.},
    title = "{Winds and X-Rays from Clusters of Galaxies}",
  journal = {\apj},
     year = 1973,
    month = nov,
   volume = 185,
    pages = {787-796},
      doi = {10.1086/152454},
   adsurl = {http://adsabs.harvard.edu/abs/1973ApJ...185..787Y},
  adsnote = {Provided by the SAO/NASA Astrophysics Data System}
}
% 5GHz HRI contour map in Figure 1 of Arnaud 1984
@ARTICLE{1984MNRAS.209..851A,
   author = {{Alexander}, P. and {Brown}, M.~T. and {Scott}, P.~F.},
    title = "{A multi-frequency radio study of Cygnus A}",
  journal = {\mnras},
 keywords = {Astronomical Maps, Galactic Structure, Radio Galaxies, Astronomical Models, Entropy, Polarization Characteristics, Spectrum Analysis, Synchrotron Radiation},
     year = 1984,
    month = aug,
   volume = 209,
    pages = {851-868},
      doi = {10.1093/mnras/209.4.851},
   adsurl = {http://adsabs.harvard.edu/abs/1984MNRAS.209..851A},
  adsnote = {Provided by the SAO/NASA Astrophysics Data System}
}
% CygA lies in a rather poor cluster!
@ARTICLE{1982MNRAS.200..153S,
   author = {{Spinrad}, H. and {Stauffer}, J.~R.},
    title = "{Spectroscopic and photographic observations of the Cygnus A group and of the stellar component of the Cygnus A galaxy}",
  journal = {\mnras},
 keywords = {Astronomical Photography, Astronomical Spectroscopy, Radial Velocity, Radio Galaxies, Spectrophotometry, Emission Spectra, Line Spectra, Red Shift},
     year = 1982,
    month = jul,
   volume = 200,
    pages = {153-158},
      doi = {10.1093/mnras/200.2.153},
   adsurl = {http://adsabs.harvard.edu/abs/1982MNRAS.200..153S},
  adsnote = {Provided by the SAO/NASA Astrophysics Data System}
}
% Archetypical radio double
@ARTICLE{1980MNRAS.192..931W,
   author = {{Winter}, A.~J.~B. and {Wilson}, D.~M.~A. and {Warner}, P.~J. and 
	{Waldram}, E.~M. and {Routledge}, D. and {Nicol}, A.~T. and 
	{Boysen}, R.~C. and {Bly}, D.~W.~J. and {Baldwin}, J.~E.},
    title = "{The structure of Cygnus A at 150 MHz}",
  journal = {\mnras},
 keywords = {Cygnus Constellation, Galactic Structure, Radio Galaxies, Angular Resolution, Astronomical Maps, Emission Spectra, Fourier Transformation, Galactic Evolution, Galactic Radiation, Interstellar Magnetic Fields, Mathematical Models, Radio Astronomy, Radio Spectra, Relativistic Particles, Synchrotron Radiation},
     year = 1980,
    month = sep,
   volume = 192,
    pages = {931-944},
      doi = {10.1093/mnras/192.4.931},
   adsurl = {http://adsabs.harvard.edu/abs/1980MNRAS.192..931W},
  adsnote = {Provided by the SAO/NASA Astrophysics Data System}
}
# temperature map of Cygnus A?
@ARTICLE{1987MNRAS.227..241A,
   author = {{Arnaud}, K.~A. and {Johnstone}, R.~M. and {Fabian}, A.~C. and 
	{Crawford}, C.~S. and {Nulsen}, P.~E.~J. and {Shafer}, R.~A. and 
	{Mushotzky}, R.~F.},
    title = "{X-ray observations of the Ophiuchus, PKS 0745-191 and Cygnus-A clusters of galaxies}",
  journal = {\mnras},
 keywords = {Astronomical Photometry, Galactic Clusters, X Ray Astronomy, Abundance, Cooling Flows (Astrophysics), Density Distribution, Exosat Satellite, Iron, Radio Sources (Astronomy), Temperature Distribution},
     year = 1987,
    month = jul,
   volume = 227,
    pages = {241-256},
      doi = {10.1093/mnras/227.1.241},
   adsurl = {http://adsabs.harvard.edu/abs/1987MNRAS.227..241A},
  adsnote = {Provided by the SAO/NASA Astrophysics Data System}
}
% AGN has 1.7 powerlaw component
@ARTICLE{1982AdSpR...2..197M,
   author = {{Mushotzky}, R.~F. and {Holt}, S.~S.},
    title = "{Einstein Observatory results on active galactic nuclei}",
  journal = {Advances in Space Research},
 keywords = {Active Galactic Nuclei, Heao 2, Spaceborne Astronomy, X Ray Astronomy, Background Radiation, Line Spectra, Radio Sources (Astronomy)},
     year = 1982,
   volume = 2,
    pages = {197-202},
      doi = {10.1016/0273-1177(82)90270-8},
   adsurl = {http://adsabs.harvard.edu/abs/1982AdSpR...2..197M},
  adsnote = {Provided by the SAO/NASA Astrophysics Data System}
}
% ROSAT HRI of Cygnus A => support for basic jet model for powerful radio galaxies.
@ARTICLE{1994MNRAS.270..173C,
   author = {{Carilli}, C.~L. and {Perley}, R.~A. and {Harris}, D.~E.},
    title = "{Observations of Interaction Between Cluster Gas and the Radio Lobes of Cygnus-A}",
  journal = {\mnras},
     year = 1994,
    month = sep,
   volume = 270,
    pages = {173},
      doi = {10.1093/mnras/270.1.173},
   adsurl = {http://adsabs.harvard.edu/abs/1994MNRAS.270..173C},
  adsnote = {Provided by the SAO/NASA Astrophysics Data System}
}
% Standard Jet Model. Carilli, Perley & Harris is first observational evidence for this scenario?
@ARTICLE{1974MNRAS.169..395B,
   author = {{Blandford}, R.~D. and {Rees}, M.~J.},
    title = "{A 'twin-exhaust' model for double radio sources}",
  journal = {\mnras},
 keywords = {Astronomical Models, Plasma Generators, Radio Sources (Astronomy), Relativistic Plasmas, Active Galactic Nuclei, Channel Flow, Cosmic Plasma, Cygnus Constellation, Equilibrium Flow, High Temperature Plasmas, Magnetohydrodynamic Flow, Supersonic Flow},
     year = 1974,
    month = dec,
   volume = 169,
    pages = {395-415},
      doi = {10.1093/mnras/169.3.395},
   adsurl = {http://adsabs.harvard.edu/abs/1974MNRAS.169..395B},
  adsnote = {Provided by the SAO/NASA Astrophysics Data System}
}
% Also reference on standard jet model
@ARTICLE{1974MNRAS.166..513S,
   author = {{Scheuer}, P.~A.~G.},
    title = "{Models of extragalactic radio sources with a continuous energy supply from a central object}",
  journal = {\mnras},
     year = 1974,
    month = mar,
   volume = 166,
    pages = {513-528},
      doi = {10.1093/mnras/166.3.513},
   adsurl = {http://adsabs.harvard.edu/abs/1974MNRAS.166..513S},
  adsnote = {Provided by the SAO/NASA Astrophysics Data System}
}
% Figure of jets, hot spots, cocoon shock
@ARTICLE{1989ApJ...345L..21B,
   author = {{Begelman}, M.~C. and {Cioffi}, D.~F.},
    title = "{Overpressured cocoons in extragalactic radio sources}",
  journal = {\apjl},
 keywords = {Computational Astrophysics, Extragalactic Radio Sources, Radio Galaxies, Radio Jets (Astronomy), Cygnus Constellation, Evolution (Development), Intergalactic Media, Red Shift, Star Formation},
     year = 1989,
    month = oct,
   volume = 345,
    pages = {L21-L24},
      doi = {10.1086/185542},
   adsurl = {http://adsabs.harvard.edu/abs/1989ApJ...345L..21B},
  adsnote = {Provided by the SAO/NASA Astrophysics Data System}
}
% first suggestion of basic jet model
@ARTICLE{1973MNRAS.164..243L,
   author = {{Longair}, M.~S. and {Ryle}, M. and {Scheuer}, P.~A.~G.},
    title = "{Models of extended radiosources}",
  journal = {\mnras},
     year = 1973,
   volume = 164,
    pages = {243},
      doi = {10.1093/mnras/164.3.243},
   adsurl = {http://adsabs.harvard.edu/abs/1973MNRAS.164..243L},
  adsnote = {Provided by the SAO/NASA Astrophysics Data System}
}
% review of basic jet model
@ARTICLE{1984RvMP...56..255B,
   author = {{Begelman}, M.~C. and {Blandford}, R.~D. and {Rees}, M.~J.},
    title = "{Theory of extragalactic radio sources}",
  journal = {Reviews of Modern Physics},
     year = 1984,
    month = apr,
   volume = 56,
    pages = {255-351},
      doi = {10.1103/RevModPhys.56.255},
   adsurl = {http://adsabs.harvard.edu/abs/1984RvMP...56..255B},
  adsnote = {Provided by the SAO/NASA Astrophysics Data System}
}
% Radio lobes are empty of thermal material
@ARTICLE{1987ApJ...316..611D,
   author = {{Dreher}, J.~W. and {Carilli}, C.~L. and {Perley}, R.~A.},
    title = "{The Faraday rotation of Cygnus A - Magnetic fields in cluster gas}",
  journal = {\apj},
 keywords = {Cosmic Gases, Faraday Effect, Galactic Clusters, Intergalactic Media, Interstellar Magnetic Fields, Astronomical Maps, Polarization (Waves), Radio Emission},
     year = 1987,
    month = may,
   volume = 316,
    pages = {611-625},
      doi = {10.1086/165229},
   adsurl = {http://adsabs.harvard.edu/abs/1987ApJ...316..611D},
  adsnote = {Provided by the SAO/NASA Astrophysics Data System}
}
% Detection of inverse Compton X-ray in radio hotspots
@ARTICLE{1994Natur.367..713H,
   author = {{Harris}, D.~E. and {Carilli}, C.~L. and {Perley}, R.~A.},
    title = "{X-ray emission from the radio hotspots of Cygnus A}",
  journal = {\nat},
     year = 1994,
    month = feb,
   volume = 367,
    pages = {713-716},
      doi = {10.1038/367713a0},
   adsurl = {http://adsabs.harvard.edu/abs/1994Natur.367..713H},
  adsnote = {Provided by the SAO/NASA Astrophysics Data System}
}

@ARTICLE{1996MNRAS.278..479R,
   author = {{Reynolds}, C.~S. and {Fabian}, A.~C.},
    title = "{ROSAT PSPC observations of Cygnus A: X-ray spectra of the cooling flow and hotspots}",
  journal = {\mnras},
   eprint = {astro-ph/9509159},
 keywords = {GALAXIES: ACTIVE, GALAXIES: CLUSTERS: INDIVIDUAL: CYGNUS A, COOLING FLOWS, INTERGALACTIC MEDIUM, X-RAYS: GALAXIES},
     year = 1996,
    month = jan,
   volume = 278,
    pages = {479-487},
      doi = {10.1093/mnras/278.2.479},
   adsurl = {http://adsabs.harvard.edu/abs/1996MNRAS.278..479R},
  adsnote = {Provided by the SAO/NASA Astrophysics Data System}
}
% Schematic model of the Cygnus A situation.
@MISC{CygASchematic,
      author = {{Kowal}, K.},
       title = "{Schematic of the black hole accretion disk model for Cygnus~A}",
howpublished = "\url{http://chandra.harvard.edu/graphics/chronicle/cyga3/cyg_illustration.jpg}",
        year = {2016},
        note = "[Online; accessed June 13, 2016]"
}
% Ariel-V catalog mention of Cygnus A.
@ARTICLE{1984AandAS...56..415B,
   author = {{Bell Burnell}, S.~J. and {Chiappetti}, L.},
    title = "{A catalogue of X-ray spectra observed with the Ariel V proportional counter (Experiment C)}",
  journal = {\aaps},
 keywords = {Ariel 5 Satellite, Astronomical Catalogs, Spaceborne Astronomy, X Ray Sources, X Ray Spectra, Proportional Counters, Spectral Resolution},
     year = 1984,
    month = jun,
   volume = 56,
    pages = {415-439},
   adsurl = {http://adsabs.harvard.edu/abs/1984A%26AS...56..415B},
  adsnote = {Provided by the SAO/NASA Astrophysics Data System}
}
% Ginga observations of Cygnus A
@ARTICLE{1994ApJ...431L...1U,
   author = {{Ueno}, S. and {Koyama}, K. and {Nishida}, M. and {Yamauchi}, S. and 
	{Ward}, M.~J.},
    title = "{X-ray observations of Cygnus A using the GINGA satellite}",
  journal = {\apjl},
 keywords = {Bremsstrahlung, Cosmic X Rays, Cygnus Constellation, Nebulae, Quasars, Seyfert Galaxies, X Ray Astronomy, Absorption Spectra, Emission Spectra, Exosat Satellite, Ginga Satellite, Photoionization, Radio Sources (Astronomy), Rosat Mission, Stellar Luminosity},
     year = 1994,
    month = aug,
   volume = 431,
    pages = {L1-L4},
      doi = {10.1086/187458},
   adsurl = {http://adsabs.harvard.edu/abs/1994ApJ...431L...1U},
  adsnote = {Provided by the SAO/NASA Astrophysics Data System}
}
% Redshift of Cygnus A
% Michael Chandra Proposal ref 17
@ARTICLE{1997ApJ...488L..15O,
   author = {{Owen}, F.~N. and {Ledlow}, M.~J. and {Morrison}, G.~E. and {Hill}, J.~M.},
    title = "{The Cluster of Galaxies Surrounding Cygnus A}",
  journal = {\apjl},
   eprint = {astro-ph/9708150},
 keywords = {GALAXIES: ACTIVE, GALAXIES: DISTANCES AND REDSHIFTS, GALAXIES: INDIVIDUAL NAME: CYGNUS A, GALAXIES: CLUSTERS: INDIVIDUAL NAME: CYGNUS A, Galaxies: Active, Galaxies: Clusters: Individual: Name: Cygnus A, Galaxies: Distances and Redshifts, Galaxies: Individual: Name: Cygnus A},
     year = 1997,
    month = oct,
   volume = 488,
    pages = {L15-L17},
      doi = {10.1086/310908},
   adsurl = {http://adsabs.harvard.edu/abs/1997ApJ...488L..15O},
  adsnote = {Provided by the SAO/NASA Astrophysics Data System}
}

% Cyg A radio source lies in merging cluster.
% Michael Chandra Proposal ref 18
@ARTICLE{1999ApJ...521..526M,
   author = {{Markevitch}, M. and {Sarazin}, C.~L. and {Vikhlinin}, A.},
    title = "{Physics of the Merging Clusters Cygnus A, A3667, and A2065}",
  journal = {\apj},
   eprint = {astro-ph/9812005},
 keywords = {GALAXIES: COOLING FLOWS, GALAXIES: CLUSTERS: INDIVIDUAL (CYGNUS A, ABELL 2065, ABELL 3667), GALAXIES: INTERGALACTIC MEDIUM, X-RAYS: GALAXIES, Galaxies: Cooling Flows, galaxies: clusters: individual (Cygnus A, Abell 2065, Abell 3667), Galaxies: Intergalactic Medium, X-Rays: Galaxies},
     year = 1999,
    month = aug,
   volume = 521,
    pages = {526-530},
      doi = {10.1086/307598},
   adsurl = {http://adsabs.harvard.edu/abs/1999ApJ...521..526M},
  adsnote = {Provided by the SAO/NASA Astrophysics Data System}
}
% Review? article on numerical simulations of merging clusters of galaxies?
@ARTICLE{1998Sci...280..400B,
   author = {{Burns}, J.~O.},
    title = "{Stormy Weather in Galaxy Clusters}",
  journal = {Science},
     year = 1998,
    month = apr,
   volume = 280,
    pages = {400},
      doi = {10.1126/science.280.5362.400},
   adsurl = {http://adsabs.harvard.edu/abs/1998Sci...280..400B},
  adsnote = {Provided by the SAO/NASA Astrophysics Data System}
}
% Three papers about X-ray study of the Cygnus A situation.
% Paper I 
@ARTICLE{2000ApJ...544L..27W,
   author = {{Wilson}, A.~S. and {Young}, A.~J. and {Shopbell}, P.~L.},
    title = "{Chandra Observations of Cygnus A: Magnetic Field Strengths in the Hot Spots of a Radio Galaxy}",
  journal = {\apjl},
   eprint = {astro-ph/0009308},
 keywords = {Galaxies: Active, Galaxies: Individual: Name: Cygnus A, Galaxies: Jets, Galaxies: Nuclei, Magnetic Fields, X-Rays: Galaxies},
     year = 2000,
    month = nov,
   volume = 544,
    pages = {L27-L30},
      doi = {10.1086/317293},
   adsurl = {http://adsabs.harvard.edu/abs/2000ApJ...544L..27W},
  adsnote = {Provided by the SAO/NASA Astrophysics Data System}
}
% Paper II is tangentially related to our goal.
@ARTICLE{2002ApJ...564..176Y,
   author = {{Young}, A.~J. and {Wilson}, A.~S. and {Terashima}, Y. and {Arnaud}, K.~A. and
    {Smith}, D.~A.},
    title = "{A Chandra X-Ray Study of Cygnus A. II. The Nucleus}",
  journal = {\apj},
   eprint = {astro-ph/0109527},
 keywords = {Galaxies: Active, galaxies: individual (Cygnus A), Galaxies: Nuclei, X-Rays: Galaxies},
     year = 2002,
    month = jan,
   volume = 564,
    pages = {176-189},
      doi = {10.1086/324200},
   adsurl = {http://adsabs.harvard.edu/abs/2002ApJ...564..176Y},
  adsnote = {Provided by the SAO/NASA Astrophysics Data System}
}
% Paper III is about the Cygnus A cluster, particularly in X-ray.
@ARTICLE{2002ApJ...565..195S,
   author = {{Smith}, D.~A. and {Wilson}, A.~S. and {Arnaud}, K.~A. and {Terashima}, Y. and
    {Young}, A.~J.},
    title = "{A Chandra X-Ray Study of Cygnus A. III. The Cluster of Galaxies}",
  journal = {\apj},
   eprint = {astro-ph/0109488},
 keywords = {Galaxies: Abundances, Galaxies: Clusters: Individual: Name: Cygnus A, Galaxies: Individual: Name: Cygnus A, Galaxies: Intergalactic Medium, X-Rays: Galaxies: Clusters, X-Rays: Individual: Constellation Name: Cygnus A},
     year = 2002,
    month = jan,
   volume = 565,
    pages = {195-207},
      doi = {10.1086/324539},
   adsurl = {http://adsabs.harvard.edu/abs/2002ApJ...565..195S},
  adsnote = {Provided by the SAO/NASA Astrophysics Data System}
}
% How to derive the mass of a cluster (gas+dm) from sph. symm. H.E. gas profile
@ARTICLE{1980ApJ...241..552F,
   author = {{Fabricant}, D. and {Lecar}, M. and {Gorenstein}, P.},
    title = "{X-ray measurements of the mass of M87}",
  journal = {\apj},
 keywords = {Elliptical Galaxies, Galactic Structure, Mass Distribution, X Ray Astronomy, X Ray Sources, Brightness, Gas Temperature, Gravitational Fields, High Temperature Gases, Temperature Distribution},
     year = 1980,
    month = oct,
   volume = 241,
    pages = {552-560},
      doi = {10.1086/158369},
   adsurl = {http://adsabs.harvard.edu/abs/1980ApJ...241..552F},
  adsnote = {Provided by the SAO/NASA Astrophysics Data System}
}
% Michael Chandra Proposal ref 19
@ARTICLE{2005AJ....130...47L,
   author = {{Ledlow}, M.~J. and {Owen}, F.~N. and {Miller}, N.~A.},
    title = "{The Cluster of Galaxies Surrounding Cygnus A. II. New Velocities and a Dynamic Model}",
  journal = {\aj},
   eprint = {astro-ph/0503581},
 keywords = {Galaxies: Active, Galaxies: Clusters: Individual: Name: Cygnus A, Galaxies: Distances and Redshifts, Galaxies: Individual: Name: Cygnus A},
     year = 2005,
    month = jul,
   volume = 130,
    pages = {47-54},
      doi = {10.1086/430628},
   adsurl = {http://adsabs.harvard.edu/abs/2005AJ....130...47L},
  adsnote = {Provided by the SAO/NASA Astrophysics Data System}
}
% Merger shocks in both Cyg A and in Abell 3667
% Michael Chandra Proposal ref 20
@ARTICLE{2013AN....334..346S,
   author = {{Sarazin}, C.~L. and {Finoguenov}, A. and {Wik}, D.~R.},
    title = "{Merger shocks in Abell 3667 and the Cygnus A cluster}",
  journal = {Astronomische Nachrichten},
archivePrefix = "arXiv",
   eprint = {1211.4823},
 keywords = {galaxies: clusters: general, galaxies: clusters: individual (Abell 3667, Cygnus A), intergalactic medium, shock waves, X-rays: galaxies: clusters},
     year = 2013,
    month = apr,
   volume = 334,
    pages = {346},
      doi = {10.1002/asna.201211854},
   adsurl = {http://adsabs.harvard.edu/abs/2013AN....334..346S},
  adsnote = {Provided by the SAO/NASA Astrophysics Data System}
}
% Michael's Deep Chandra proposal
@MISC{2014cxo..prop.4448W,
   author = {{Wise}, M.},
    title = "{The Rise to Power: Half a Billion Years of Intense AGN Activity in the Merging Cluster Cygnus A}",
howpublished = {Chandra Proposal},
     year = 2014,
    month = sep,
   adsurl = {http://adsabs.harvard.edu/abs/2014cxo..prop.4448W},
  adsnote = {Provided by the SAO/NASA Astrophysics Data System}
}
% Conference proceeding on CygA interaction with environment
% Michael Chandra Proposal ref 15
@INPROCEEDINGS{2015IAUS..313..236N,
   author = {{Nulsen}, P.~E.~J. and {Young}, A.~J. and {Kraft}, R.~P. and {McNamara}, B.~R. and {Wise}, M.~W.},
    title = "{Interaction of Cygnus A with its environment}",
 keywords = {radio continuum: galaxies, X-rays: galaxies: clusters, galaxies: individual (Cygnus A),},
booktitle = {Extragalactic Jets from Every Angle},
     year = 2015,
   series = {IAU Symposium},
   volume = 313,
archivePrefix = "arXiv",
   eprint = {1502.05024},
 primaryClass = "astro-ph.HE",
   editor = {{Massaro}, F. and {Cheung}, C.~C. and {Lopez}, E. and {Siemiginowska}, A.},
    month = mar,
    pages = {236-241},
      doi = {10.1017/S1743921315002240},
   adsurl = {http://adsabs.harvard.edu/abs/2015IAUS..313..236N},
  adsnote = {Provided by the SAO/NASA Astrophysics Data System}
}
% Michael Chandra Proposal ref 16
@ARTICLE{2016MNRAS.123..456W,
    author = {{Wise}, M.~W. and {Vries}, M.~N. and {Rafferty}, D.~A. and {McKean}, J.~P.},
   journal = {\mnras},
      year = {2016}
}
% Michael Chandra Proposal ref 40
@ARTICLE{1988ApJ...334L..73C,
   author = {{Carilli}, C.~L. and {Perley}, R.~A. and {Dreher}, J.~H.},
    title = "{Discovery of the bow shock of Cygnus A}",
  journal = {\apjl},
 keywords = {Bow Waves, Galactic Radiation, Intergalactic Media, Radio Galaxies, Shock Wave Propagation, Faraday Effect, Interstellar Magnetic Fields, Magnetic Flux},
     year = 1988,
    month = nov,
   volume = 334,
    pages = {L73-L76},
      doi = {10.1086/185315},
   adsurl = {http://adsabs.harvard.edu/abs/1988ApJ...334L..73C},
  adsnote = {Provided by the SAO/NASA Astrophysics Data System}
}

% Michael Chandra Proposal ref 13
@ARTICLE{2006ApJ...644L...9W,
   author = {{Wilson}, A.~S. and {Smith}, D.~A. and {Young}, A.~J.},
    title = "{The Cavity of Cygnus A}",
  journal = {\apjl},
   eprint = {astro-ph/0603435},
 keywords = {Galaxies: Active, Galaxies: Clusters: General, Galaxies: Individual: Name: Cygnus A, Galaxies: Jets, Galaxies: Nuclei, X-Rays: Galaxies},
     year = 2006,
    month = jun,
   volume = 644,
    pages = {L9-L12},
      doi = {10.1086/504108},
   adsurl = {http://adsabs.harvard.edu/abs/2006ApJ...644L...9W},
  adsnote = {Provided by the SAO/NASA Astrophysics Data System}
}

% Michael Chandra Proposal ref 41
@ARTICLE{2005ApJ...630..740B,
   author = {{Br{\"u}ggen}, M. and {Ruszkowski}, M. and {Hallman}, E.},
    title = "{Active Galactic Nuclei Heating and Dissipative Processes in Galaxy Clusters}",
  journal = {\apj},
   eprint = {astro-ph/0501175},
 keywords = {Galaxies: Cooling Flows, Galaxies: Active, Galaxies: Clusters: General, X-Rays: Galaxies},
     year = 2005,
    month = sep,
   volume = 630,
    pages = {740-749},
      doi = {10.1086/432112},
   adsurl = {http://adsabs.harvard.edu/abs/2005ApJ...630..740B},
  adsnote = {Provided by the SAO/NASA Astrophysics Data System}
}

% Michael Chandra Proposal ref 42
@ARTICLE{2010MNRAS.407.1277M,
   author = {{Morsony}, B.~J. and {Heinz}, S. and {Br{\"u}ggen}, M. and {Ruszkowski}, M.},
    title = "{Swimming against the current: simulations of central AGN evolution in dynamic galaxy clusters}",
  journal = {\mnras},
archivePrefix = "arXiv",
   eprint = {1003.3049},
 primaryClass = "astro-ph.HE",
 keywords = {galaxies: active, galaxies: clusters: general, intergalactic medium, galaxies: jets},
     year = 2010,
    month = sep,
   volume = 407,
    pages = {1277-1289},
      doi = {10.1111/j.1365-2966.2010.17059.x},
   adsurl = {http://adsabs.harvard.edu/abs/2010MNRAS.407.1277M},
  adsnote = {Provided by the SAO/NASA Astrophysics Data System}
}

% Michael Chandra Proposal ref 43
@ARTICLE{2006MNRAS.373L..65H,
   author = {{Heinz}, S. and {Br{\"u}ggen}, M. and {Young}, A. and {Levesque}, E.},
    title = "{The answer is blowing in the wind: simulating the interaction of jets with dynamic cluster atmospheres}",
  journal = {\mnras},
   eprint = {astro-ph/0606664},
 keywords = {galaxies: clusters: general, intergalactic medium, galaxies: jets},
     year = 2006,
    month = nov,
   volume = 373,
    pages = {L65-L69},
      doi = {10.1111/j.1745-3933.2006.00243.x},
   adsurl = {http://adsabs.harvard.edu/abs/2006MNRAS.373L..65H},
  adsnote = {Provided by the SAO/NASA Astrophysics Data System}
}




% Various references on AGN / radio galaxies
%%%%%%%%%%%%%%%%%%%%%%%%%%%%%%%%%%%%%%%%%%%%%%%%%%%%%%%%%%%%%%%%%%%%%%%%%%%%%%%%
@ARTICLE{1963Natur.197.1037H,
   author = {{Hazard}, C. and {Mackey}, M.~B. and {Shimmins}, A.~J.},
    title = "{Investigation of the Radio Source 3C 273 By The Method of Lunar Occultations}",
  journal = {\nat},
     year = 1963,
    month = mar,
   volume = 197,
    pages = {1037-1039},
      doi = {10.1038/1971037a0},
   adsurl = {http://adsabs.harvard.edu/abs/1963Natur.197.1037H},
  adsnote = {Provided by the SAO/NASA Astrophysics Data System}
}
@ARTICLE{1963Natur.197.1040S,
   author = {{Schmidt}, M.},
    title = "{3C 273 : A Star-Like Object with Large Red-Shift}",
  journal = {\nat},
     year = 1963,
    month = mar,
   volume = 197,
    pages = {1040},
      doi = {10.1038/1971040a0},
   adsurl = {http://adsabs.harvard.edu/abs/1963Natur.197.1040S},
  adsnote = {Provided by the SAO/NASA Astrophysics Data System}
}
@ARTICLE{1963Natur.197.1040O,
   author = {{Oke}, J.~B.},
    title = "{Absolute Energy Distribution in the Optical Spectrum of 3C 273}",
  journal = {\nat},
     year = 1963,
    month = mar,
   volume = 197,
    pages = {1040-1041},
      doi = {10.1038/1971040b0},
   adsurl = {http://adsabs.harvard.edu/abs/1963Natur.197.1040O},
  adsnote = {Provided by the SAO/NASA Astrophysics Data System}
}
@ARTICLE{1963Natur.197.1041G,
   author = {{Greenstein}, J.~L.},
    title = "{Red-Shift of the Unusual Radio Source: 3C 48}",
  journal = {\nat},
     year = 1963,
    month = mar,
   volume = 197,
    pages = {1041-1042},
      doi = {10.1038/1971041a0},
   adsurl = {http://adsabs.harvard.edu/abs/1963Natur.197.1041G},
  adsnote = {Provided by the SAO/NASA Astrophysics Data System}
}

% Papers on cluster mergers, simulations of cluster mergers.
%%%%%%%%%%%%%%%%%%%%%%%%%%%%%%%%%%%%%%%%%%%%%%%%%%%%%%%%%%%%%%%%%%%%%%%%%%%%%%%%
% Review of X-ray emission in clusters of galaxies.
@BOOK{1988xrec.book.....S,
   author = {{Sarazin}, C.~L.},
    title = "{X-ray emission from clusters of galaxies}",
 keywords = {X RAY EMISSION, CLUSTERS OF GALAXIES},
booktitle = {Cambridge Astrophysics Series, Cambridge: Cambridge University Press, 1988},
     year = 1988,
   adsurl = {http://adsabs.harvard.edu/abs/1988xrec.book.....S},
  adsnote = {Provided by the SAO/NASA Astrophysics Data System}
}
% Line emission timescale
@ARTICLE{1977ApJ...215..213M,
   author = {{McKee}, C.~F. and {Cowie}, L.~L.},
    title = "{The evaporation of spherical clouds in a hot gas. II - Effects of radiation}",
  journal = {\apj},
 keywords = {Clouds, Evaporation, Interstellar Gas, Radiation Effects, Conductive Heat Transfer, Galactic Clusters, Intergalactic Media, Radii, Supernova Remnants},
     year = 1977,
    month = jul,
   volume = 215,
    pages = {213-225},
      doi = {10.1086/155350},
   adsurl = {http://adsabs.harvard.edu/abs/1977ApJ...215..213M},
  adsnote = {Provided by the SAO/NASA Astrophysics Data System}
}
% Electron mean free path for Coulomb interaction
@BOOK{1956pfig.book.....S,
   author = {{Spitzer}, L.},
    title = "{Physics of Fully Ionized Gases}",
booktitle = {Physics of Fully Ionized Gases, New York: Interscience Publishers, 1956},
     year = 1956,
   adsurl = {http://adsabs.harvard.edu/abs/1956pfig.book.....S},
  adsnote = {Provided by the SAO/NASA Astrophysics Data System}
}
% King approximation to self-gravitating isothermal sphere
@ARTICLE{1966AJ.....71...64K,
   author = {{King}, I.~R.},
    title = "{The structure of star clusters. III. Some simple dynamical models}",
  journal = {\aj},
     year = 1966,
    month = feb,
   volume = 71,
    pages = {64},
      doi = {10.1086/109857},
   adsurl = {http://adsabs.harvard.edu/abs/1966AJ.....71...64K},
  adsnote = {Provided by the SAO/NASA Astrophysics Data System}
}
% Cluster Merger simulations (already very old, according to Craig Sarazin)...
@ARTICLE{2001ApJ...561..621R,
   author = {{Ricker}, P.~M. and {Sarazin}, C.~L.},
    title = "{Off-Axis Cluster Mergers: Effects of a Strongly Peaked Dark Matter Profile}",
  journal = {\apj},
   eprint = {astro-ph/0107210},
 keywords = {Galaxies: Clusters: General, Hydrodynamics, Galaxies: Intergalactic Medium, X-Rays: Galaxies: Clusters},
     year = 2001,
    month = nov,
   volume = 561,
    pages = {621-644},
      doi = {10.1086/323365},
   adsurl = {http://adsabs.harvard.edu/abs/2001ApJ...561..621R},
  adsnote = {Provided by the SAO/NASA Astrophysics Data System}
}
% large sample beta typical 0.65
@ARTICLE{1984ApJ...276...38J,
   author = {{Jones}, C. and {Forman}, W.},
    title = "{The structure of clusters of galaxies observed with Einstein}",
  journal = {\apj},
 keywords = {Cosmology, Galactic Clusters, Intergalactic Media, Interstellar Gas, X Ray Sources, Brightness Distribution, Galactic Evolution, Heao 2, Luminosity, Radii, Radio Galaxies, Scale Height},
     year = 1984,
    month = jan,
   volume = 276,
    pages = {38-55},
      doi = {10.1086/161591},
   adsurl = {http://adsabs.harvard.edu/abs/1984ApJ...276...38J},
  adsnote = {Provided by the SAO/NASA Astrophysics Data System}
}
% A754 well studied merger
@ARTICLE{1998ApJ...493...62R,
   author = {{Roettiger}, K. and {Stone}, J.~M. and {Mushotzky}, R.~F.},
    title = "{Anatomy of a Merger: A Numerical Model of A754}",
  journal = {\apj},
   eprint = {astro-ph/9708043},
 keywords = {GALAXIES: CLUSTERS: INDIVIDUAL ALPHANUMERIC: A754, GALAXIES: INTERGALACTIC MEDIUM, HYDRODYNAMICS, METHODS: NUMERICAL, X-RAYS: GALAXIES, Galaxies: Clusters: Individual: Alphanumeric: A754, Galaxies: Intergalactic Medium, Hydrodynamics, Methods: Numerical, X-Rays: Galaxies},
     year = 1998,
    month = jan,
   volume = 493,
    pages = {62-72},
      doi = {10.1086/305102},
   adsurl = {http://adsabs.harvard.edu/abs/1998ApJ...493...62R},
  adsnote = {Provided by the SAO/NASA Astrophysics Data System}
}

% All AMUSE references
%%%%%%%%%%%%%%%%%%%%%%%%%%%%%%%%%%%%%%%%%%%%%%%%%%%%%%%%%%%%%%%%%%%%%%%%%%%%%%%%
% MUSE, progenitor of AMUSE
@ARTICLE{2009NewA...14..369P,
   author = {{Portegies Zwart}, S. and {McMillan}, S. and {Harfst}, S. and
    {Groen}, D. and {Fujii}, M. and {Nuall{\'a}in}, B.~{\'O}. and
    {Glebbeek}, E. and {Heggie}, D. and {Lombardi}, J. and {Hut}, P. and
    {Angelou}, V. and {Banerjee}, S. and {Belkus}, H. and {Fragos}, T. and
    {Fregeau}, J. and {Gaburov}, E. and {Izzard}, R. and {Juri{\'c}}, M. and
    {Justham}, S. and {Sottoriva}, A. and {Teuben}, P. and {van Bever}, J. and
    {Yaron}, O. and {Zemp}, M.},
    title = "{A multiphysics and multiscale software environment for modeling astrophysical systems}",
  journal = {\na},
archivePrefix = "arXiv",
   eprint = {0807.1996},
     year = 2009,
    month = may,
   volume = 14,
    pages = {369-378},
      doi = {10.1016/j.newast.2008.10.006},
   adsurl = {http://adsabs.harvard.edu/abs/2009NewA...14..369P},
  adsnote = {Provided by the SAO/NASA Astrophysics Data System}
}
% AMUSE
@ARTICLE{2013A&A...557A..84P,
   author = {{Pelupessy}, F.~I. and {van Elteren}, A. and {de Vries}, N. and
    {McMillan}, S.~L.~W. and {Drost}, N. and {Portegies Zwart}, S.~F.
    },
    title = "{The Astrophysical Multipurpose Software Environment}",
  journal = {\aap},
archivePrefix = "arXiv",
   eprint = {1307.3016},
 primaryClass = "astro-ph.IM",
 keywords = {methods: numerical, hydrodynamics, radiative transfer, stars: evolution, stars: kinematics and dynamics},
     year = 2013,
    month = sep,
   volume = 557,
      eid = {A84},
    pages = {A84},
      doi = {10.1051/0004-6361/201321252},
   adsurl = {http://adsabs.harvard.edu/abs/2013A%26A...557A..84P},
  adsnote = {Provided by the SAO/NASA Astrophysics Data System}
}
% AMUSE
@ARTICLE{2013CoPhC.183..456P,
   author = {{Portegies Zwart}, S. and {McMillan}, S.~L.~W. and {van Elteren}, E. and
    {Pelupessy}, I. and {de Vries}, N.},
    title = "{Multi-physics simulations using a hierarchical interchangeable software interface}",
  journal = {Computer Physics Communications},
archivePrefix = "arXiv",
   eprint = {1204.5522},
 primaryClass = "astro-ph.IM",
 keywords = {Computer applications, Physical sciences and engineering, Astronomy, Computing methodologies: simulation modeling, and visualization, Distributed computing},
     year = 2013,
    month = mar,
   volume = 183,
    pages = {456-468},
      doi = {10.1016/j.cpc.2012.09.024},
   adsurl = {http://adsabs.harvard.edu/abs/2013CoPhC.183..456P},
  adsnote = {Provided by the SAO/NASA Astrophysics Data System}
}
% AMUSE docementation
@MISC{AMUSEdocumentation,
  author = {TheAMUSETeam},
  title = {{AMUSE Documentation / supported Community Codes}},
  howpublished = "\url{http://amusecode.org/doc/reference/available-codes.html}",
  year = {2014},
  note = "[Online; accessed December 23, 2014]"
}

@MISC{BigBangTheory,
  author = {{Robertson}, E. and {Jay Page}, S.},
  title = {{Big Bang Theory Theme Song}},
  howpublished = "\url{http://bigbangtheory.wikia.com/wiki/The_History_of_Everything}",
  year = {2007},
  note = "[Online; accessed August 3, 2016]"
}


% Various code references and such
%%%%%%%%%%%%%%%%%%%%%%%%%%%%%%%%%%%%%%%%%%%%%%%%%%%%%%%%%%%%%%%%%%%%%%%%%%%%%%%%
% NFW Profile for cold dark matter distribution in (clusters of) galaxy halos
@ARTICLE{1996ApJ...462..563N,
   author = {{Navarro}, J.~F. and {Frenk}, C.~S. and {White}, S.~D.~M.},
    title = "{The Structure of Cold Dark Matter Halos}",
  journal = {\apj},
   eprint = {astro-ph/9508025},
 keywords = {COSMOLOGY: THEORY, COSMOLOGY: DARK MATTER, GALAXIES: HALOS, METHODS: NUMERICAL},
     year = 1996,
    month = may,
   volume = 462,
    pages = {563},
      doi = {10.1086/177173},
   adsurl = {http://adsabs.harvard.edu/abs/1996ApJ...462..563N},
  adsnote = {Provided by the SAO/NASA Astrophysics Data System}
}
% DM core radius inferred from X-ray is 100-200 kpc
@ARTICLE{1991A&ARv...2..191F,
   author = {{Fabian}, A.~C. and {Nulsen}, P.~E.~J. and {Canizares}, C.~R.
	},
    title = "{Cooling flows in clusters of galaxies}",
  journal = {\aapr},
 keywords = {Cooling Flows (Astrophysics), Galactic Clusters, X Ray Astronomy, Astronomical Spectroscopy, Dark Matter, Interstellar Gas, Mass Distribution, Molecular Clouds, Star Formation},
     year = 1991,
    month = apr,
   volume = 2,
    pages = {191-226},
      doi = {10.1007/BF00872767},
   adsurl = {http://adsabs.harvard.edu/abs/1991A%26ARv...2..191F},
  adsnote = {Provided by the SAO/NASA Astrophysics Data System}
}
% CM core radius inferred from gravitational lensing arcs 20-60 kpc
@ARTICLE{1988ApJ...324L..37G,
   author = {{Grossman}, S.~A. and {Narayan}, R.},
    title = "{Arcs from gravitational lensing}",
  journal = {\apjl},
 keywords = {Computerized Simulation, Galactic Clusters, Galactic Nuclei, Gravitational Lenses, Light Curve, Mass Distribution, Computational Astrophysics, Red Shift},
     year = 1988,
    month = jan,
   volume = 324,
    pages = {L37-L41},
      doi = {10.1086/185086},
   adsurl = {http://adsabs.harvard.edu/abs/1988ApJ...324L..37G},
  adsnote = {Provided by the SAO/NASA Astrophysics Data System}
}
% GADGET-1
@ARTICLE{2001NewA....6...79S,
   author = {{Springel}, V. and {Yoshida}, N. and {White}, S.~D.~M.},
    title = "{GADGET: a code for collisionless and gasdynamical cosmological simulations}",
  journal = {\na},
   eprint = {astro-ph/0003162},
     year = 2001,
    month = apr,
   volume = 6,
    pages = {79-117},
      doi = {10.1016/S1384-1076(01)00042-2},
   adsurl = {http://adsabs.harvard.edu/abs/2001NewA....6...79S},
  adsnote = {Provided by the SAO/NASA Astrophysics Data System}
}
% GADGET-2
@ARTICLE{2005MNRAS.364.1105S,
   author = {{Springel}, V.},
    title = "{The cosmological simulation code GADGET-2}",
  journal = {\mnras},
   eprint = {astro-ph/0505010},
 keywords = {methods: numerical, galaxies: interactions, dark matter},
     year = 2005,
    month = dec,
   volume = 364,
    pages = {1105-1134},
      doi = {10.1111/j.1365-2966.2005.09655.x},
   adsurl = {http://adsabs.harvard.edu/abs/2005MNRAS.364.1105S},
  adsnote = {Provided by the SAO/NASA Astrophysics Data System}
}
% Gadget-3
@ARTICLE{2009MNRAS.398.1678D,
   author = {{Dolag}, K. and {Stasyszyn}, F.},
    title = "{An MHD GADGET for cosmological simulations}",
  journal = {\mnras},
archivePrefix = "arXiv",
   eprint = {0807.3553},
 keywords = {magnetic fields , MHD , methods: numerical , galaxies: clusters: general},
     year = 2009,
    month = oct,
   volume = 398,
    pages = {1678-1697},
      doi = {10.1111/j.1365-2966.2009.15181.x},
   adsurl = {http://adsabs.harvard.edu/abs/2009MNRAS.398.1678D},
  adsnote = {Provided by the SAO/NASA Astrophysics Data System}
}
% COSMOS
@ARTICLE{2000ApJ...536..122R,
   author = {{Ricker}, P.~M. and {Dodelson}, S. and {Lamb}, D.~Q.},
    title = "{COSMOS: A Hybrid N-Body/Hydrodynamics Code for Cosmological Problems}",
  journal = {\apj},
   eprint = {astro-ph/9912339},
 keywords = {Cosmology: Dark Matter, Gravitation, Hydrodynamics, Galaxies: Intergalactic Medium, Cosmology: Large-Scale Structure of Universe, Methods: Numerical},
     year = 2000,
    month = jun,
   volume = 536,
    pages = {122-143},
      doi = {10.1086/308908},
   adsurl = {http://adsabs.harvard.edu/abs/2000ApJ...536..122R},
  adsnote = {Provided by the SAO/NASA Astrophysics Data System}
}

% GIZMO
@ARTICLE{2015MNRAS.450...53H,
   author = {{Hopkins}, P.~F.},
    title = "{A new class of accurate, mesh-free hydrodynamic simulation methods}",
  journal = {\mnras},
archivePrefix = "arXiv",
   eprint = {1409.7395},
 keywords = {hydrodynamics, instabilities, turbulence, methods: numerical, cosmology: theory},
     year = 2015,
    month = jun,
   volume = 450,
    pages = {53-110},
      doi = {10.1093/mnras/stv195},
   adsurl = {http://adsabs.harvard.edu/abs/2015MNRAS.450...53H},
  adsnote = {Provided by the SAO/NASA Astrophysics Data System}
}

% CIAO X-ray data analysis software package `Chandra Interactive Analysis of Observations'
@INPROCEEDINGS{2006SPIE.6270E..1VF,
   author = {{Fruscione}, A. and {McDowell}, J.~C. and {Allen}, G.~E. and
    {Brickhouse}, N.~S. and {Burke}, D.~J. and {Davis}, J.~E. and
    {Durham}, N. and {Elvis}, M. and {Galle}, E.~C. and {Harris}, D.~E. and
    {Huenemoerder}, D.~P. and {Houck}, J.~C. and {Ishibashi}, B. and
    {Karovska}, M. and {Nicastro}, F. and {Noble}, M.~S. and {Nowak}, M.~A. and
    {Primini}, F.~A. and {Siemiginowska}, A. and {Smith}, R.~K. and
    {Wise}, M.},
    title = "{CIAO: Chandra's data analysis system}",
booktitle = {Society of Photo-Optical Instrumentation Engineers (SPIE) Conference Series},
     year = 2006,
   series = {Society of Photo-Optical Instrumentation Engineers (SPIE) Conference Series},
   volume = 6270,
    month = jun,
      eid = {62701V},
    pages = {1},
      doi = {10.1117/12.671760},
   adsurl = {http://adsabs.harvard.edu/abs/2006SPIE.6270E..1VF},
  adsnote = {Provided by the SAO/NASA Astrophysics Data System}
}

% SPLASH -- SPH Visualisation tool
@ARTICLE{2007PASA...24..159P,
   author = {{Price}, D.~J.},
    title = "{splash: An Interactive Visualisation Tool for Smoothed Particle Hydrodynamics Simulations}",
  journal = {\pasa},
archivePrefix = "arXiv",
   eprint = {0709.0832},
 keywords = {hydrodynamics, methods: numerical},
     year = 2007,
    month = oct,
   volume = 24,
    pages = {159-173},
      doi = {10.1071/AS07022},
   adsurl = {http://adsabs.harvard.edu/abs/2007PASA...24..159P},
  adsnote = {Provided by the SAO/NASA Astrophysics Data System}
}


% Various references on numerical methods.
%%%%%%%%%%%%%%%%%%%%%%%%%%%%%%%%%%%%%%%%%%%%%%%%%%%%%%%%%%%%%%%%%%%%%%%%%%%%%%%%
% Py Nbody https://pynbody.github.io/pynbody/index.html
@MISC{pynbody,
  author = {{Pontzen}, A. and {Ro{\v s}kar}, R. and {Stinson}, G.~S. and {Woods},
     R. and {Reed}, D.~M. and {Coles}, J. and {Quinn}, T.~R.},
   title = "{pynbody: Astrophysics Simulation Analysis for Python}",
    note = {Astrophysics Source Code Library, ascl:1305.002},
    year = 2013
}

% SPH Review Article
@ARTICLE{Price2012759,
   author = "Daniel J. Price",
    title = "Smoothed particle hydrodynamics and magnetohydrodynamics ",
  journal = "Journal of Computational Physics ",
 keywords = {Particle methods, Hydrodynamics, Smoothed particle hydrodynamics, Magnetohydrodynamics (MHD), Astrophysics},
     year = 2012,
   volume = 231,
   number = 3,
    pages = {759-794},
      doi = {http://dx.doi.org/10.1016/j.jcp.2010.12.011},
      url = {http://www.sciencedirect.com/science/article/pii/S0021999110006753},
     note = "Special Issue: Computational Plasma PhysicsSpecial Issue: Computational Plasma Physics "
}
# SPH
@ARTICLE{1977AJ.....82.1013L,
   author = {{Lucy}, L.~B.},
    title = "{A numerical approach to the testing of the fission hypothesis}",
  journal = {\aj},
 keywords = {Binary Stars, Hypotheses, Nuclear Fission, Numerical Analysis, Protostars, Stellar Evolution, Astronomical Models, Difference Equations, Gas Dynamics, Monte Carlo Method, Numerical Stability, Particle Motion, Stellar Rotation},
     year = 1977,
    month = dec,
   volume = 82,
    pages = {1013-1024},
      doi = {10.1086/112164},
   adsurl = {http://adsabs.harvard.edu/abs/1977AJ.....82.1013L},
  adsnote = {Provided by the SAO/NASA Astrophysics Data System}
}
@ARTICLE{1977MNRAS.181..375G,
   author = {{Gingold}, R.~A. and {Monaghan}, J.~J.},
    title = "{Smoothed particle hydrodynamics - Theory and application to non-spherical stars}",
  journal = {\mnras},
 keywords = {Hydrodynamics, Particle Theory, Stellar Models, Astrophysics, Stellar Rotation, Stellar Structure},
     year = 1977,
    month = nov,
   volume = 181,
    pages = {375-389},
      doi = {10.1093/mnras/181.3.375},
   adsurl = {http://adsabs.harvard.edu/abs/1977MNRAS.181..375G},
  adsnote = {Provided by the SAO/NASA Astrophysics Data System}
}
% B-Spline kernel
@ARTICLE{SchoenbergBSpline,
   author = {{Schoenberg}, I.~J.},
    title = {Contributions to the problem of approximation of equidistant data by analytic functions. A: on the problem of smoothing or graduation – a 1st class of analytic approximation formulae},
  journal = {Q. Appl. Math},
     year = 1946,
   volume = 4,
    pages = 45,
}
@ARTICLE{1985JCoPh..60..253M,
   author = {{Monaghan}, J.~J.},
    title = "{Extrapolating B. Splines for Interpolation}",
  journal = {Journal of Computational Physics},
     year = 1985,
    month = sep,
   volume = 60,
    pages = {253-262},
      doi = {10.1016/0021-9991(85)90006-3},
   adsurl = {http://adsabs.harvard.edu/abs/1985JCoPh..60..253M},
  adsnote = {Provided by the SAO/NASA Astrophysics Data System}
}
@ARTICLE{1985A&A...149..135M,
   author = {{Monaghan}, J.~J. and {Lattanzio}, J.~C.},
    title = "{A refined particle method for astrophysical problems}",
  journal = {\aap},
 keywords = {Computational Astrophysics, Gravitational Collapse, Gravitational Fields, Many Body Problem, Molecular Clouds, Stellar Evolution, Angular Momentum, Binary Stars, Computational Grids, Interpolation, Kernel Functions, Particle Mass, Stellar Orbits},
     year = 1985,
    month = aug,
   volume = 149,
    pages = {135-143},
   adsurl = {http://adsabs.harvard.edu/abs/1985A%26A...149..135M},
  adsnote = {Provided by the SAO/NASA Astrophysics Data System}
}
% Wendland C6
@ARTICLE{2012MNRAS.425.1068D,
   author = {{Dehnen}, W. and {Aly}, H.},
    title = "{Improving convergence in smoothed particle hydrodynamics simulations without pairing instability}",
  journal = {\mnras},
archivePrefix = "arXiv",
   eprint = {1204.2471},
 primaryClass = "astro-ph.IM",
 keywords = {hydrodynamics, methods: numerical },
     year = 2012,
    month = sep,
   volume = 425,
    pages = {1068-1082},
      doi = {10.1111/j.1365-2966.2012.21439.x},
   adsurl = {http://adsabs.harvard.edu/abs/2012MNRAS.425.1068D},
  adsnote = {Provided by the SAO/NASA Astrophysics Data System}
}
@article{wendland1995piecewise,
  title={Piecewise polynomial, positive definite and compactly supported radial functions of minimal degree},
  author={Wendland, Holger},
  journal={Advances in computational Mathematics},
  volume={4},
  number={1},
  pages={389--396},
  year={1995},
  publisher={Springer}
}
@book{wendland2004scattered,
  title={Scattered data approximation},
  author={Wendland, Holger},
  volume={17},
  year={2004},
  publisher={Cambridge university press}
}

% BHTree
@ARTICLE{1986Natur.324..446B,
   author = {{Barnes}, J. and {Hut}, P.},
    title = "{A hierarchical O(N log N) force-calculation algorithm}",
  journal = {\nat},
 keywords = {Computational Astrophysics, Many Body Problem, Numerical Integration, Stellar Motions, Algorithms, Hierarchies},
     year = 1986,
    month = dec,
   volume = 324,
    pages = {446-449},
      doi = {10.1038/324446a0},
   adsurl = {http://adsabs.harvard.edu/abs/1986Natur.324..446B},
  adsnote = {Provided by the SAO/NASA Astrophysics Data System}
}

% Piecewise Parabolic Method (PPM)
@ARTICLE{1984JCoPh..54..174C,
   author = {{Colella}, P. and {Woodward}, P.~R.},
    title = "{The Piecewise Parabolic Method (PPM) for Gas-Dynamical Simulations}",
  journal = {Journal of Computational Physics},
     year = 1984,
    month = sep,
   volume = 54,
    pages = {174-201},
      doi = {10.1016/0021-9991(84)90143-8},
   adsurl = {http://adsabs.harvard.edu/abs/1984JCoPh..54..174C},
  adsnote = {Provided by the SAO/NASA Astrophysics Data System}
}

% Particle-Mesh method
@BOOK{1988csup.book.....H,
   author = {{Hockney}, R.~W. and {Eastwood}, J.~W.},
    title = "{Computer simulation using particles}",
booktitle = {Bristol: Hilger, 1988},
     year = 1988,
   adsurl = {http://adsabs.harvard.edu/abs/1988csup.book.....H},
  adsnote = {Provided by the SAO/NASA Astrophysics Data System}
}

% TreePM
@ARTICLE{1995ApJS...98..355X,
   author = {{Xu}, G.},
    title = "{A New Parallel N-Body Gravity Solver: TPM}",
  journal = {\apjs},
   eprint = {astro-ph/9409021},
 keywords = {METHODS: NUMERICAL},
     year = 1995,
    month = may,
   volume = 98,
    pages = {355},
      doi = {10.1086/192166},
   adsurl = {http://adsabs.harvard.edu/abs/1995ApJS...98..355X},
  adsnote = {Provided by the SAO/NASA Astrophysics Data System}
}

% TreeSPH
@ARTICLE{1989ApJS...70..419H,
   author = {{Hernquist}, L. and {Katz}, N.},
    title = "{TREESPH - A unification of SPH with the hierarchical tree method}",
  journal = {\apjs},
 keywords = {Computational Fluid Dynamics, Computerized Simulation, Data Smoothing, Magnetohydrodynamics, Trees (Mathematics), Dynamical Systems, Many Body Problem, Monte Carlo Method, Spatial Resolution},
     year = 1989,
    month = jun,
   volume = 70,
    pages = {419-446},
      doi = {10.1086/191344},
   adsurl = {http://adsabs.harvard.edu/abs/1989ApJS...70..419H},
  adsnote = {Provided by the SAO/NASA Astrophysics Data System}
}

% Santa Barbara Cluster Comparison Project
@ARTICLE{1999ApJ...525..554F,
   author = {{Frenk}, C.~S. and {White}, S.~D.~M. and {Bode}, P. and {Bond}, J.~R. and
    {Bryan}, G.~L. and {Cen}, R. and {Couchman}, H.~M.~P. and {Evrard}, A.~E. and
    {Gnedin}, N. and {Jenkins}, A. and {Khokhlov}, A.~M. and {Klypin}, A. and
    {Navarro}, J.~F. and {Norman}, M.~L. and {Ostriker}, J.~P. and
    {Owen}, J.~M. and {Pearce}, F.~R. and {Pen}, U.-L. and {Steinmetz}, M. and
    {Thomas}, P.~A. and {Villumsen}, J.~V. and {Wadsley}, J.~W. and
    {Warren}, M.~S. and {Xu}, G. and {Yepes}, G.},
    title = "{The Santa Barbara Cluster Comparison Project: A Comparison of Cosmological Hydrodynamics Solutions}",
  journal = {\apj},
   eprint = {astro-ph/9906160},
 keywords = {COSMOLOGY: THEORY, COSMOLOGY: DARK MATTER, GALAXIES: CLUSTERS: GENERAL, COSMOLOGY: LARGE-SCALE STRUCTURE OF UNIVERSE, X-RAYS: GALAXIES, Cosmology: Theory, Cosmology: Dark Matter, Galaxies: Clusters: General, Cosmology: Large-Scale Structure of Universe, X-Rays: Galaxies},
     year = 1999,
    month = nov,
   volume = 525,
    pages = {554-582},
      doi = {10.1086/307908},
   adsurl = {http://adsabs.harvard.edu/abs/1999ApJ...525..554F},
  adsnote = {Provided by the SAO/NASA Astrophysics Data System}
}

% Comparison of numerical methods/implementations (GADGET-2, Hydro, ENZO, FLASH)
@ARTICLE{2008MNRAS.390.1267T,
   author = {{Tasker}, E.~J. and {Brunino}, R. and {Mitchell}, N.~L. and
    {Michielsen}, D. and {Hopton}, S. and {Pearce}, F.~R. and {Bryan}, G.~L. and
    {Theuns}, T.},
    title = "{A test suite for quantitative comparison of hydrodynamic codes in astrophysics}",
  journal = {\mnras},
archivePrefix = "arXiv",
   eprint = {0808.1844},
 keywords = {hydrodynamics , methods: numerical , cosmology: theory},
     year = 2008,
    month = nov,
   volume = 390,
    pages = {1267-1281},
      doi = {10.1111/j.1365-2966.2008.13836.x},
   adsurl = {http://adsabs.harvard.edu/abs/2008MNRAS.390.1267T},
  adsnote = {Provided by the SAO/NASA Astrophysics Data System}
}

% Sod Shock Tube -- A specific Rieman Shock Tube
@ARTICLE{1978JCoPh..27....1S,
   author = {{Sod}, G.~A.},
    title = "{A survey of several finite difference methods for systems of nonlinear hyperbolic conservation laws}",
  journal = {Journal of Computational Physics},
 keywords = {Conservation Laws, Finite Difference Theory, Flow Equations, Gas Flow, Hyperbolic Differential Equations, Nonlinear Equations, Cartesian Coordinates, Flow Theory, Gas Dynamics, One Dimensional Flow, Shock Tubes},
     year = 1978,
    month = apr,
   volume = 27,
    pages = {1-31},
      doi = {10.1016/0021-9991(78)90023-2},
   adsurl = {http://adsabs.harvard.edu/abs/1978JCoPh..27....1S},
  adsnote = {Provided by the SAO/NASA Astrophysics Data System}
}

% Numerical Merger Simulations
%%%%%%%%%%%%%%%%%%%%%%%%%%%%%%%%%%%%%%%%%%%%%%%%%%%%%%%%%%%%%%%%%%%%%%%%%%%%%%%%
% 'Cookbook' to set up initial conditions for individual clusters -- THE paper!
@ARTICLE{2014MNRAS.438.1971D,
   author = {{Donnert}, J.~M.~F.},
    title = "{Initial conditions for idealized clusters mergers, simulating `El Gordo'}",
  journal = {\mnras},
archivePrefix = "arXiv",
   eprint = {1311.7066},
 keywords = {galaxies: clusters: individual: ACT-CT J0102{\mdash}4915},
     year = 2014,
    month = mar,
   volume = 438,
    pages = {1971-1984},
      doi = {10.1093/mnras/stt2291},
   adsurl = {http://adsabs.harvard.edu/abs/2014MNRAS.438.1971D},
  adsnote = {Provided by the SAO/NASA Astrophysics Data System}
}
% Low-viscosity scheme implementation
@ARTICLE{2005MNRAS.364..753D,
   author = {{Dolag}, K. and {Vazza}, F. and {Brunetti}, G. and {Tormen}, G.
	},
    title = "{Turbulent gas motions in galaxy cluster simulations: the role of smoothed particle hydrodynamics viscosity}",
  journal = {\mnras},
   eprint = {astro-ph/0507480},
 keywords = {hydrodynamics, turbulence, methods: numerical, galaxies: clusters: general},
     year = 2005,
    month = dec,
   volume = 364,
    pages = {753-772},
      doi = {10.1111/j.1365-2966.2005.09630.x},
   adsurl = {http://adsabs.harvard.edu/abs/2005MNRAS.364..753D},
  adsnote = {Provided by the SAO/NASA Astrophysics Data System}
}
% Artificial Thermal Conduction
@ARTICLE{2008JCoPh.22710040P,
   author = {{Price}, D.~J.},
    title = "{Modelling discontinuities and Kelvin Helmholtz instabilities in SPH}",
  journal = {Journal of Computational Physics},
archivePrefix = "arXiv",
   eprint = {0709.2772},
     year = 2008,
    month = dec,
   volume = 227,
    pages = {10040-10057},
      doi = {10.1016/j.jcp.2008.08.011},
   adsurl = {http://adsabs.harvard.edu/abs/2008JCoPh.22710040P},
  adsnote = {Provided by the SAO/NASA Astrophysics Data System}
}
% Concentration Parameter
@ARTICLE{2008MNRAS.390L..64D,
   author = {{Duffy}, A.~R. and {Schaye}, J. and {Kay}, S.~T. and {Dalla Vecchia}, C.
	},
    title = "{Dark matter halo concentrations in the Wilkinson Microwave Anisotropy Probe year 5 cosmology}",
  journal = {\mnras},
archivePrefix = "arXiv",
   eprint = {0804.2486},
 keywords = {methods: N-body simulations, galaxies: clusters: general, galaxies: haloes, cosmological parameters, cosmology: theory, dark matter},
     year = 2008,
    month = oct,
   volume = 390,
    pages = {L64-L68},
      doi = {10.1111/j.1745-3933.2008.00537.x},
   adsurl = {http://adsabs.harvard.edu/abs/2008MNRAS.390L..64D},
  adsnote = {Provided by the SAO/NASA Astrophysics Data System}
}
% kernel scale noise kills SPH
@INPROCEEDINGS{2012ASPC..453..249P,
   author = {{Price}, D.~J.},
    title = "{Smoothed Particle Hydrodynamics: Things I Wish My Mother Taught Me}",
booktitle = {Advances in Computational Astrophysics: Methods, Tools, and Outcome},
     year = 2012,
   series = {Astronomical Society of the Pacific Conference Series},
   volume = 453,
archivePrefix = "arXiv",
   eprint = {1111.1259},
 primaryClass = "astro-ph.IM",
   editor = {{Capuzzo-Dolcetta}, R. and {Limongi}, M. and {Tornamb{\`e}}, A.
	},
    month = jul,
    pages = {249},
   adsurl = {http://adsabs.harvard.edu/abs/2012ASPC..453..249P},
  adsnote = {Provided by the SAO/NASA Astrophysics Data System}
}
% Example of a binary merger simulation
@ARTICLE{2013MNRAS.430.3249M,
   author = {{Machado}, R.~E.~G. and {Lima Neto}, G.~B.},
    title = "{Simulations of the merging galaxy cluster Abell 3376}",
  journal = {\mnras},
archivePrefix = "arXiv",
   eprint = {1301.4434},
 primaryClass = "astro-ph.CO",
 keywords = {methods: numerical, galaxies: clusters: individual: A3376, galaxies: clusters: intracluster medium},
     year = 2013,
    month = apr,
   volume = 430,
    pages = {3249-3260},
      doi = {10.1093/mnras/stt127},
   adsurl = {http://adsabs.harvard.edu/abs/2013MNRAS.430.3249M},
  adsnote = {Provided by the SAO/NASA Astrophysics Data System}
}
% Example of a binary merger simulation
@ARTICLE{2015MNRAS.451.3309M,
   author = {{Machado}, R.~E.~G. and {Monteiro-Oliveira}, R. and {Lima Neto}, G.~B. and {Cypriano}, E.~S.},
    title = "{Simulating the shocks in the dissociative galaxy cluster Abell 1758N}",
  journal = {\mnras},
archivePrefix = "arXiv",
   eprint = {1505.05095},
 keywords = {methods: numerical, galaxies: clusters: individual: A1758, galaxies: clusters: intracluster medium},
     year = 2015,
    month = aug,
   volume = 451,
    pages = {3309-3320},
      doi = {10.1093/mnras/stv1162},
   adsurl = {http://adsabs.harvard.edu/abs/2015MNRAS.451.3309M},
  adsnote = {Provided by the SAO/NASA Astrophysics Data System}
}
% Use Hernquist profile instead of NFW profile.
@ARTICLE{2005MNRAS.361..776S,
   author = {{Springel}, V. and {Di Matteo}, T. and {Hernquist}, L.},
    title = "{Modelling feedback from stars and black holes in galaxy mergers}",
  journal = {\mnras},
   eprint = {astro-ph/0411108},
 keywords = {methods: numerical, galaxies: active, galaxies: interactions, galaxies: starburst, galaxies: structure},
     year = 2005,
    month = aug,
   volume = 361,
    pages = {776-794},
      doi = {10.1111/j.1365-2966.2005.09238.x},
   adsurl = {http://adsabs.harvard.edu/abs/2005MNRAS.361..776S},
  adsnote = {Provided by the SAO/NASA Astrophysics Data System}
}
% Cluster initial condition for the dark matter: (Hernquist 1990 profile)
@ARTICLE{1990ApJ...356..359H,
   author = {{Hernquist}, L.},
    title = "{An analytical model for spherical galaxies and bulges}",
  journal = {\apj},
 keywords = {Computational Astrophysics, Elliptical Galaxies, Galactic Bulge, Galactic Structure, Astronomical Models, Astronomical Photometry, Brightness Distribution, Distribution Functions},
     year = 1990,
    month = jun,
   volume = 356,
    pages = {359-364},
      doi = {10.1086/168845},
   adsurl = {http://adsabs.harvard.edu/abs/1990ApJ...356..359H},
  adsnote = {Provided by the SAO/NASA Astrophysics Data System}
}
% Cluster initial condition for the gas: beta-model
@ARTICLE{1978A&A....70..677C,
   author = {{Cavaliere}, A. and {Fusco-Femiano}, R.},
    title = "{The Distribution of Hot Gas in Clusters of Galaxies}",
  journal = {\aap},
     year = 1978,
    month = nov,
   volume = 70,
    pages = {677},
   adsurl = {http://adsabs.harvard.edu/abs/1978A%26A....70..677C},
  adsnote = {Provided by the SAO/NASA Astrophysics Data System}
}
% Beta = 2/3
@ARTICLE{2008MNRAS.389..967M,
   author = {{Mastropietro}, C. and {Burkert}, A.},
    title = "{Simulating the Bullet Cluster}",
  journal = {\mnras},
archivePrefix = "arXiv",
   eprint = {0711.0967},
 keywords = {methods: N-body simulations , galaxies: clusters: individual: 1E0657-56 , dark matter , X-rays: galaxies: clusters},
     year = 2008,
    month = sep,
   volume = 389,
    pages = {967-988},
      doi = {10.1111/j.1365-2966.2008.13626.x},
   adsurl = {http://adsabs.harvard.edu/abs/2008MNRAS.389..967M},
  adsnote = {Provided by the SAO/NASA Astrophysics Data System}
}

% Pressure profiles
@ARTICLE{2010A&A...517A..92A,
   author = {{Arnaud}, M. and {Pratt}, G.~W. and {Piffaretti}, R. and {B{\"o}hringer}, H. and {Croston}, J.~H. and {Pointecouteau}, E.},
    title = "{The universal galaxy cluster pressure profile from a representative sample of nearby systems (REXCESS) and the Y$_{SZ}$ - M$_{500}$ relation}",
  journal = {\aap},
archivePrefix = "arXiv",
   eprint = {0910.1234},
 keywords = {cosmology: observations, dark matter, galaxies: clusters: general, intergalactic, medium, X-rays: galaxies: clusters},
     year = 2010,
    month = jul,
   volume = 517,
      eid = {A92},
    pages = {A92},
      doi = {10.1051/0004-6361/200913416},
   adsurl = {http://adsabs.harvard.edu/abs/2010A%26A...517A..92A},
  adsnote = {Provided by the SAO/NASA Astrophysics Data System}
}
% Merger study of the Sausage cluster with latest Toycluster model
@ARTICLE{2016MNRAS.000.000D,
   author = {{Donnert}, J. and {Stroe}, A. and {Beck}, A. and {Dolag}, K. and {Roettgering}, H. and {Brunetti}, G.},
    title = "{Simulations of the Large Scale Radio Emission in CIZA J2242.8+5301}",
  journal = {\mnras},
 keywords = {galaxies:clusters, turbulence:particle acceleration, galaxy:clusters:general},
     year = 2016,
}
% large gradient errors due to inhomogeneous sampling
@ARTICLE{2012MNRAS.423.2558B,
   author = {{Bauer}, A. and {Springel}, V.},
    title = "{Subsonic turbulence in smoothed particle hydrodynamics and moving-mesh simulations}",
  journal = {\mnras},
archivePrefix = "arXiv",
   eprint = {1109.4413},
 keywords = {hydrodynamics, shock waves, turbulence, methods: numerical},
     year = 2012,
    month = jul,
   volume = 423,
    pages = {2558-2578},
      doi = {10.1111/j.1365-2966.2012.21058.x},
   adsurl = {http://adsabs.harvard.edu/abs/2012MNRAS.423.2558B},
  adsnote = {Provided by the SAO/NASA Astrophysics Data System}
}
% Weighted Voronoi Tesselations
@ARTICLE{2003MNRAS.342..345C,
   author = {{Cappellari}, M. and {Copin}, Y.},
    title = "{Adaptive spatial binning of integral-field spectroscopic data using Voronoi tessellations}",
  journal = {\mnras},
   eprint = {astro-ph/0302262},
 keywords = {methods: data analysis, techniques: photometric, techniques: spectroscopic},
     year = 2003,
    month = jun,
   volume = 342,
    pages = {345-354},
      doi = {10.1046/j.1365-8711.2003.06541.x},
   adsurl = {http://adsabs.harvard.edu/abs/2003MNRAS.342..345C},
  adsnote = {Provided by the SAO/NASA Astrophysics Data System}
}
@ARTICLE{2006MNRAS.368..497D,
   author = {{Diehl}, S. and {Statler}, T.~S.},
    title = "{Adaptive binning of X-ray data with weighted Voronoi tessellations}",
  journal = {\mnras},
   eprint = {astro-ph/0512074},
 keywords = {methods: data analysis , techniques: image processing , ISM: general , supernova remnants , galaxies: clusters: general , X-rays: galaxies},
     year = 2006,
    month = may,
   volume = 368,
    pages = {497-510},
      doi = {10.1111/j.1365-2966.2006.10125.x},
   adsurl = {http://adsabs.harvard.edu/abs/2006MNRAS.368..497D},
  adsnote = {Provided by the SAO/NASA Astrophysics Data System}
}
@ARTICLE{2012arXiv1211.0525D,
   author = {{Diehl}, S. and {Rockefeller}, G. and {Fryer}, C.~L. and {Riethmiller}, D. and 
	{Statler}, T.~S.},
    title = "{Generating Optimal Initial Conditions for Smoothed Particle Hydrodynamics Simulations}",
  journal = {ArXiv e-prints},
archivePrefix = "arXiv",
   eprint = {1211.0525},
 primaryClass = "astro-ph.IM",
 keywords = {Astrophysics - Instrumentation and Methods for Astrophysics, Astrophysics - Cosmology and Nongalactic Astrophysics, Astrophysics - Astrophysics of Galaxies},
     year = 2012,
    month = nov,
   adsurl = {http://adsabs.harvard.edu/abs/2012arXiv1211.0525D},
  adsnote = {Provided by the SAO/NASA Astrophysics Data System}
}
% Video of Weighted Voronoi Tesselations of Julius Donnert
@MISC{DonnertWVT,
      author = {{Donnert}, J.},
       title = "{WVT video}",
howpublished = "private communication",
        year = {2016},
        note = "April 15, 2016]"
}
% P-Smac2 (in appendix)
@ARTICLE{2014MNRAS.443.3564D,
   author = {{Donnert}, J. and {Brunetti}, G.},
    title = "{An efficient Fokker-Planck solver and its application to stochastic particle acceleration in galaxy clusters}",
  journal = {\mnras},
archivePrefix = "arXiv",
   eprint = {1407.2735},
 keywords = {galaxy: clusters: general},
     year = 2014,
    month = oct,
   volume = 443,
    pages = {3564-3577},
      doi = {10.1093/mnras/stu1417},
   adsurl = {http://adsabs.harvard.edu/abs/2014MNRAS.443.3564D},
  adsnote = {Provided by the SAO/NASA Astrophysics Data System}
}
% X-ray Surface Brightness in P-Smac2
@ARTICLE{1996MNRAS.283..431B,
   author = {{Bartelmann}, M. and {Steinmetz}, M.},
    title = "{A Comparison of X-ray and Strong Lensing Properties of Simulated X-ray Clusters}",
  journal = {\mnras},
   eprint = {astro-ph/9603101},
 keywords = {GALAXIES: CLUSTERS: GENERAL, DARK MATTER, X-RAYS: GENERAL},
     year = 1996,
    month = nov,
   volume = 283,
    pages = {431-446},
      doi = {10.1093/mnras/283.2.431},
   adsurl = {http://adsabs.harvard.edu/abs/1996MNRAS.283..431B},
  adsnote = {Provided by the SAO/NASA Astrophysics Data System}
}
% Dark Matter evidence, Bullet cluster.
@ARTICLE{2004ApJ...606..819M,
   author = {{Markevitch}, M. and {Gonzalez}, A.~H. and {Clowe}, D. and {Vikhlinin}, A. and 
	{Forman}, W. and {Jones}, C. and {Murray}, S. and {Tucker}, W.
	},
    title = "{Direct Constraints on the Dark Matter Self-Interaction Cross Section from the Merging Galaxy Cluster 1E 0657-56}",
  journal = {\apj},
   eprint = {astro-ph/0309303},
 keywords = {Cosmology: Dark Matter, Galaxies: Clusters: Individual: Alphanumeric: 1E 0657-56, Galaxies: Formation, Cosmology: Large-Scale Structure of Universe},
     year = 2004,
    month = may,
   volume = 606,
    pages = {819-824},
      doi = {10.1086/383178},
   adsurl = {http://adsabs.harvard.edu/abs/2004ApJ...606..819M},
  adsnote = {Provided by the SAO/NASA Astrophysics Data System}
}

% virial radius r_200 is where average density(r200) = delta*critical density. Paper giving delta.
@ARTICLE{1998ApJ...495...80B,
   author = {{Bryan}, G.~L. and {Norman}, M.~L.},
    title = "{Statistical Properties of X-Ray Clusters: Analytic and Numerical Comparisons}",
  journal = {\apj},
   eprint = {astro-ph/9710107},
 keywords = {GALAXIES: CLUSTERS: GENERAL, METHODS: NUMERICAL, X-RAYS: GALAXIES, Galaxies: Clusters: General, Methods: Numerical, X-Rays: Galaxies},
     year = 1998,
    month = mar,
   volume = 495,
    pages = {80-99},
      doi = {10.1086/305262},
   adsurl = {http://adsabs.harvard.edu/abs/1998ApJ...495...80B},
  adsnote = {Provided by the SAO/NASA Astrophysics Data System}
}

% Baryon fraction 17 per cent at virial radius r200
@ARTICLE{2013MNRAS.431.1487P,
   author = {{Planelles}, S. and {Borgani}, S. and {Dolag}, K. and {Ettori}, S. and 
	{Fabjan}, D. and {Murante}, G. and {Tornatore}, L.},
    title = "{Baryon census in hydrodynamical simulations of galaxy clusters}",
  journal = {\mnras},
archivePrefix = "arXiv",
   eprint = {1209.5058},
 keywords = {methods: numerical, galaxies: clusters: general, cosmology: miscellaneous, X-rays: galaxies},
     year = 2013,
    month = may,
   volume = 431,
    pages = {1487-1502},
      doi = {10.1093/mnras/stt265},
   adsurl = {http://adsabs.harvard.edu/abs/2013MNRAS.431.1487P},
  adsnote = {Provided by the SAO/NASA Astrophysics Data System}
}

% WMAP-9 for latest cosmological parameters from WMAP?
@ARTICLE{2013ApJS..208...20B,
   author = {{Bennett}, C.~L. and {Larson}, D. and {Weiland}, J.~L. and {Jarosik}, N. and 
	{Hinshaw}, G. and {Odegard}, N. and {Smith}, K.~M. and {Hill}, R.~S. and 
	{Gold}, B. and {Halpern}, M. and {Komatsu}, E. and {Nolta}, M.~R. and 
	{Page}, L. and {Spergel}, D.~N. and {Wollack}, E. and {Dunkley}, J. and 
	{Kogut}, A. and {Limon}, M. and {Meyer}, S.~S. and {Tucker}, G.~S. and 
	{Wright}, E.~L.},
    title = "{Nine-year Wilkinson Microwave Anisotropy Probe (WMAP) Observations: Final Maps and Results}",
  journal = {\apjs},
archivePrefix = "arXiv",
   eprint = {1212.5225},
 keywords = {cosmic background radiation, cosmology: observations, dark matter, early universe, instrumentation: detectors, space vehicles, space vehicles: instruments, telescopes},
     year = 2013,
    month = oct,
   volume = 208,
      eid = {20},
    pages = {20},
      doi = {10.1088/0067-0049/208/2/20},
   adsurl = {http://adsabs.harvard.edu/abs/2013ApJS..208...20B},
  adsnote = {Provided by the SAO/NASA Astrophysics Data System}
}

% Various references
%%%%%%%%%%%%%%%%%%%%%%%%%%%%%%%%%%%%%%%%%%%%%%%%%%%%%%%%%%%%%%%%%%%%%%%%%%%%%%%%
# Official symbols of the constellations
@ARTICLE{1922PA.....30..469R,
   author = {{Russell}, H.~N.},
    title = "{The New International Symbols for the Constellations}",
  journal = {Popular Astronomy},
     year = 1922,
    month = oct,
   volume = 30,
    pages = {469},
   adsurl = {http://adsabs.harvard.edu/abs/1922PA.....30..469R},
  adsnote = {Provided by the SAO/NASA Astrophysics Data System}
}

% Faranoff & Riley classification (Cygnus A is an FR-II galaxy and I did not know what that is...)
@ARTICLE{1974MNRAS.167P..31F,
   author = {{Fanaroff}, B.~L. and {Riley}, J.~M.},
    title = "{The morphology of extragalactic radio sources of high and low luminosity}",
  journal = {\mnras},
     year = 1974,
    month = may,
   volume = 167,
    pages = {31P-36P},
   adsurl = {http://adsabs.harvard.edu/abs/1974MNRAS.167P..31F},
  adsnote = {Provided by the SAO/NASA Astrophysics Data System}
}
% Example Faranoff Riley I
@ARTICLE{1994AJ....108..766B,
   author = {{Bridle}, A.~H. and {Hough}, D.~H. and {Lonsdale}, C.~J. and
    {Burns}, J.~O. and {Laing}, R.~A.},
    title = "{Deep VLA imaging of twelve extended 3CR quasars}",
  journal = {\aj},
 keywords = {Extraterrestrial Radio Waves, Quasars, Radio Astronomy, Radio Emission, Radio Jets (Astronomy), Very Large Array (Vla), Antenna Arrays, Asymmetry, Calibrating, Correlation, Graphs (Charts), Linear Polarization, Radiance, Sampling, Tables (Data)},
     year = 1994,
    month = sep,
   volume = 108,
    pages = {766-820},
      doi = {10.1086/117112},
   adsurl = {http://adsabs.harvard.edu/abs/1994AJ....108..766B},
  adsnote = {Provided by the SAO/NASA Astrophysics Data System}
}
% Cosmological redshift
@ARTICLE{1929PNAS...15..168H,
   author = {{Hubble}, E.},
    title = "{A Relation between Distance and Radial Velocity among Extra-Galactic Nebulae}",
  journal = {Proceedings of the National Academy of Science},
     year = 1929,
    month = mar,
   volume = 15,
    pages = {168-173},
      doi = {10.1073/pnas.15.3.168},
   adsurl = {http://adsabs.harvard.edu/abs/1929PNAS...15..168H},
  adsnote = {Provided by the SAO/NASA Astrophysics Data System}
}
% Supernovae --> accelerated expansion in Universe.
@ARTICLE{1998AJ....116.1009R,
   author = {{Riess}, A.~G. and {Filippenko}, A.~V. and {Challis}, P. and 
	{Clocchiatti}, A. and {Diercks}, A. and {Garnavich}, P.~M. and 
	{Gilliland}, R.~L. and {Hogan}, C.~J. and {Jha}, S. and {Kirshner}, R.~P. and 
	{Leibundgut}, B. and {Phillips}, M.~M. and {Reiss}, D. and {Schmidt}, B.~P. and 
	{Schommer}, R.~A. and {Smith}, R.~C. and {Spyromilio}, J. and 
	{Stubbs}, C. and {Suntzeff}, N.~B. and {Tonry}, J.},
    title = "{Observational Evidence from Supernovae for an Accelerating Universe and a Cosmological Constant}",
  journal = {\aj},
   eprint = {astro-ph/9805201},
 keywords = {COSMOLOGY: OBSERVATIONS, STARS: SUPERNOVAE: GENERAL},
     year = 1998,
    month = sep,
   volume = 116,
    pages = {1009-1038},
      doi = {10.1086/300499},
   adsurl = {http://adsabs.harvard.edu/abs/1998AJ....116.1009R},
  adsnote = {Provided by the SAO/NASA Astrophysics Data System}
}

@ARTICLE{1999ApJ...517..565P,
   author = {{Perlmutter}, S. and {Aldering}, G. and {Goldhaber}, G. and 
	{Knop}, R.~A. and {Nugent}, P. and {Castro}, P.~G. and {Deustua}, S. and 
	{Fabbro}, S. and {Goobar}, A. and {Groom}, D.~E. and {Hook}, I.~M. and 
	{Kim}, A.~G. and {Kim}, M.~Y. and {Lee}, J.~C. and {Nunes}, N.~J. and 
	{Pain}, R. and {Pennypacker}, C.~R. and {Quimby}, R. and {Lidman}, C. and 
	{Ellis}, R.~S. and {Irwin}, M. and {McMahon}, R.~G. and {Ruiz-Lapuente}, P. and 
	{Walton}, N. and {Schaefer}, B. and {Boyle}, B.~J. and {Filippenko}, A.~V. and 
	{Matheson}, T. and {Fruchter}, A.~S. and {Panagia}, N. and {Newberg}, H.~J.~M. and 
	{Couch}, W.~J. and {Project}, T.~S.~C.},
    title = "{Measurements of {$\Omega$} and {$\Lambda$} from 42 High-Redshift Supernovae}",
  journal = {\apj},
   eprint = {astro-ph/9812133},
 keywords = {COSMOLOGY: OBSERVATIONS, COSMOLOGY: DISTANCE SCALE, STARS: SUPERNOVAE: GENERAL, Cosmology: Observations, Cosmology: Distance Scale, Stars: Supernovae: General},
     year = 1999,
    month = jun,
   volume = 517,
    pages = {565-586},
      doi = {10.1086/307221},
   adsurl = {http://adsabs.harvard.edu/abs/1999ApJ...517..565P},
  adsnote = {Provided by the SAO/NASA Astrophysics Data System}
}
% Example Faranoff Riley II
@ARTICLE{1979Natur.281..437P,
   author = {{Perley}, R.~A. and {Willis}, A.~G. and {Scott}, J.~S.},
    title = "{The structure of the radio jets in 3C449}",
  journal = {\nat},
 keywords = {Galactic Structure, High Resolution Coverage Antennas, Radio Galaxies, Radio Jets (Astronomy), Antenna Arrays, Fine Structure, Flow Velocity, Optical Thickness, Plasma Density, Plasma Turbulence, Polarization (Charge Separation), Symmetry, Very Large Array (Vla)},
     year = 1979,
    month = oct,
   volume = 281,
    pages = {437-442},
      doi = {10.1038/281437a0},
   adsurl = {http://adsabs.harvard.edu/abs/1979Natur.281..437P},
  adsnote = {Provided by the SAO/NASA Astrophysics Data System}
}
@MISC{FR-II-summary-1999,
  author = {{Frayer}, C.~(?)},
  title = {{Faranoff-Riley Classification}},
  howpublished = "\url{https://ned.ipac.caltech.edu/level5/Glossary/Essay_fanaroff.html}",
  year = {2014},
  note = "[Online; accessed October 26, 2015]"
}

% Cosmological converter, in Python.
% Year inferred from websites last modification time (command+I)
@MISC{CosmologyCalculator,
  author = {{Schombert}, J.},
  title = {{Cosmological Calculator}},
  howpublished = "\url{http://www.astro.ucla.edu/~wright/CC.python}",
  year = {2007},
  note = "[Online; accessed May 10, 2016]"
}
% Original Cosmology Calculator
@ARTICLE{2006PASP..118.1711W,
   author = {{Wright}, E.~L.},
    title = "{A Cosmology Calculator for the World Wide Web}",
  journal = {\pasp},
   eprint = {astro-ph/0609593},
 keywords = {Cosmology: Miscellaneous, Methods: Miscellaneous},
     year = 2006,
    month = dec,
   volume = 118,
    pages = {1711-1715},
      doi = {10.1086/510102},
   adsurl = {http://adsabs.harvard.edu/abs/2006PASP..118.1711W},
  adsnote = {Provided by the SAO/NASA Astrophysics Data System}
}

% Hypergeometrical transformations
@ARTICLE{2015arXiv150205624S,
   author = {{Schrenk}, K.~J. and {Stevenson}, J.~D.},
    title = "{Numerical evaluation of the Gauss hypergeometric function: Implementation and application to Schramm-Loewner evolution}",
  journal = {ArXiv e-prints},
archivePrefix = "arXiv",
   eprint = {1502.05624},
 primaryClass = "cond-mat.stat-mech",
 keywords = {Condensed Matter - Statistical Mechanics, Physics - Computational Physics},
     year = 2015,
    month = feb,
   adsurl = {http://adsabs.harvard.edu/abs/2015arXiv150205624S},
  adsnote = {Provided by the SAO/NASA Astrophysics Data System}
}

% SAOImage DS9
@INPROCEEDINGS{2003ASPC..295..489J,
   author = {{Joye}, W.~A. and {Mandel}, E.},
    title = "{New Features of SAOImage DS9}",
booktitle = {Astronomical Data Analysis Software and Systems XII},
     year = 2003,
   series = {Astronomical Society of the Pacific Conference Series},
   volume = 295,
   editor = {{Payne}, H.~E. and {Jedrzejewski}, R.~I. and {Hook}, R.~N.},
    pages = {489},
   adsurl = {http://adsabs.harvard.edu/abs/2003ASPC..295..489J},
  adsnote = {Provided by the SAO/NASA Astrophysics Data System}
}

% Cubehelix paper
@ARTICLE{2011BASI...39..289G,
   author = {{Green}, D.~A.},
    title = "{A colour scheme for the display of astronomical intensity images}",
  journal = {Bulletin of the Astronomical Society of India},
archivePrefix = "arXiv",
   eprint = {1108.5083},
 primaryClass = "astro-ph.IM",
 keywords = {methods: data analysis, methods: miscellaneous  },
     year = 2011,
    month = jun,
   volume = 39,
    pages = {289-295},
   adsurl = {http://adsabs.harvard.edu/abs/2011BASI...39..289G},
  adsnote = {Provided by the SAO/NASA Astrophysics Data System}
}

% Scientific Inference
@BOOK{2013scin.book.....V,
   author = {{Vaughan}, S.},
    title = "{Scientific Inference}",
booktitle = {Science News},
     year = 2013,
    month = sep,
   adsurl = {http://adsabs.harvard.edu/abs/2013scin.book.....V},
  adsnote = {Provided by the SAO/NASA Astrophysics Data System}
}

% Fluid Dynamics book :-)
@BOOK{1998pfp..book.....C,
   author = {{Choudhuri}, A.~R.},
    title = "{The physics of fluids and plasmas : an introduction for astrophysicists /}",
booktitle = {Philosophy and Foundations of Physics},
     year = 1998,
    month = nov,
   adsurl = {http://adsabs.harvard.edu/abs/1998pfp..book.....C},
  adsnote = {Provided by the SAO/NASA Astrophysics Data System}
}

% Super mathematics situation
@BOOK{1972hmfw.book.....A,
   author = {{Abramowitz}, M. and {Stegun}, I.~A.},
    title = "{Handbook of Mathematical Functions}",
booktitle = {Handbook of Mathematical Functions, New York: Dover, 1972},
     year = 1972,
   adsurl = {http://adsabs.harvard.edu/abs/1972hmfw.book.....A},
  adsnote = {Provided by the SAO/NASA Astrophysics Data System}
}

% The book on radiative processes
@BOOK{1979rpa..book.....R,
   author = {{Rybicki}, G.~B. and {Lightman}, A.~P.},
    title = "{Radiative processes in astrophysics}",
 keywords = {Astrophysics, Radiative Transfer, Atomic Structure, Bremsstrahlung, Compton Effect, Covariance, Kinematics, Molecular Structure, Plasma Radiation, Radiation Distribution, Relativistic Effects, Synchrotron Radiation},
booktitle = {New York, Wiley-Interscience, 1979.~393 p.},
     year = 1979,
   adsurl = {http://adsabs.harvard.edu/abs/1979rpa..book.....R},
  adsnote = {Provided by the SAO/NASA Astrophysics Data System}
}

% Side lobe filtering out of Cygnus A
@ARTICLE{2012MNRAS.422..563O,
   author = {{Offringa}, A.~R. and {de Bruyn}, A.~G. and {Zaroubi}, S.},
    title = "{Post-correlation filtering techniques for off-axis source and RFI removal}",
  journal = {\mnras},
archivePrefix = "arXiv",
   eprint = {1201.5564},
 primaryClass = "astro-ph.IM",
 keywords = {instrumentation: interferometers, methods: data analysis, techniques: interferometric, radio continuum: general},
     year = 2012,
    month = may,
   volume = 422,
    pages = {563-580},
      doi = {10.1111/j.1365-2966.2012.20633.x},
   adsurl = {http://adsabs.harvard.edu/abs/2012MNRAS.422..563O},
  adsnote = {Provided by the SAO/NASA Astrophysics Data System}
}
% CMBR
@ARTICLE{1965ApJ...142..419P,
   author = {{Penzias}, A.~A. and {Wilson}, R.~W.},
    title = "{A Measurement of Excess Antenna Temperature at 4080 Mc/s.}",
  journal = {\apj},
 keywords = {Microwave Background, Cosmic Background Radiation},
     year = 1965,
    month = jul,
   volume = 142,
    pages = {419-421},
      doi = {10.1086/148307},
   adsurl = {http://adsabs.harvard.edu/abs/1965ApJ...142..419P},
  adsnote = {Provided by the SAO/NASA Astrophysics Data System}
}

% Recombination
@ARTICLE{1968ApJ...153....1P,
   author = {{Peebles}, P.~J.~E.},
    title = "{Recombination of the Primeval Plasma}",
  journal = {\apj},
     year = 1968,
    month = jul,
   volume = 153,
    pages = {1},
      doi = {10.1086/149628},
   adsurl = {http://adsabs.harvard.edu/abs/1968ApJ...153....1P},
  adsnote = {Provided by the SAO/NASA Astrophysics Data System}
}
@ARTICLE{1969JETP...28..146Z,
   author = {{Zel'dovich}, Y.~B. and {Kurt}, V.~G. and {Syunyaev}, R.~A.},
    title = "{Recombination of Hydrogen in the Hot Model of the Universe}",
  journal = {Soviet Journal of Experimental and Theoretical Physics},
     year = 1969,
    month = jan,
   volume = 28,
    pages = {146},
   adsurl = {http://adsabs.harvard.edu/abs/1969JETP...28..146Z},
  adsnote = {Provided by the SAO/NASA Astrophysics Data System}
}
% coupled photon-baryon fluid 
@ARTICLE{1970ApJ...162..815P,
   author = {{Peebles}, P.~J.~E. and {Yu}, J.~T.},
    title = "{Primeval Adiabatic Perturbation in an Expanding Universe}",
  journal = {\apj},
     year = 1970,
    month = dec,
   volume = 162,
    pages = {815},
      doi = {10.1086/150713},
   adsurl = {http://adsabs.harvard.edu/abs/1970ApJ...162..815P},
  adsnote = {Provided by the SAO/NASA Astrophysics Data System}
}
@ARTICLE{2000ApJS..128..407S,
   author = {{Seager}, S. and {Sasselov}, D.~D. and {Scott}, D.},
    title = "{How Exactly Did the Universe Become Neutral?}",
  journal = {\apjs},
   eprint = {astro-ph/9912182},
 keywords = {Atomic Processes, Cosmology: Cosmic Microwave Background, Cosmology: Theory, Cosmology: Early Universe},
     year = 2000,
    month = jun,
   volume = 128,
    pages = {407-430},
      doi = {10.1086/313388},
   adsurl = {http://adsabs.harvard.edu/abs/2000ApJS..128..407S},
  adsnote = {Provided by the SAO/NASA Astrophysics Data System}
}

% Planck All-sky map
@ARTICLE{2015arXiv150201582P,
   author = {{Planck Collaboration} and {Adam}, R. and {Ade}, P.~A.~R. and 
	{Aghanim}, N. and {Akrami}, Y. and {Alves}, M.~I.~R. and {Arnaud}, M. and 
	{Arroja}, F. and {Aumont}, J. and {Baccigalupi}, C. and et al.},
    title = "{Planck 2015 results. I. Overview of products and scientific results}",
  journal = {ArXiv e-prints},
archivePrefix = "arXiv",
   eprint = {1502.01582},
 keywords = {Astrophysics - Cosmology and Nongalactic Astrophysics},
     year = 2015,
    month = feb,
   adsurl = {http://adsabs.harvard.edu/abs/2015arXiv150201582P},
  adsnote = {Provided by the SAO/NASA Astrophysics Data System}
}

% Zwicky Dark Matter
@ARTICLE{1933AcHPh...6..110Z,
   author = {{Zwicky}, F.},
    title = "{Die Rotverschiebung von extragalaktischen Nebeln}",
  journal = {Helvetica Physica Acta},
     year = 1933,
   volume = 6,
    pages = {110-127},
   adsurl = {http://adsabs.harvard.edu/abs/1933AcHPh...6..110Z},
  adsnote = {Provided by the SAO/NASA Astrophysics Data System}
}
% Andromeda rotation curve
@ARTICLE{1970ApJ...159..379R,
   author = {{Rubin}, V.~C. and {Ford}, Jr., W.~K.},
    title = "{Rotation of the Andromeda Nebula from a Spectroscopic Survey of Emission Regions}",
  journal = {\apj},
     year = 1970,
    month = feb,
   volume = 159,
    pages = {379},
      doi = {10.1086/150317},
   adsurl = {http://adsabs.harvard.edu/abs/1970ApJ...159..379R},
  adsnote = {Provided by the SAO/NASA Astrophysics Data System}
}

% Clusters are expected to merge every 2-4 Gyr.
@ARTICLE{1990MNRAS.245..559E,
   author = {{Edge}, A.~C. and {Stewart}, G.~C. and {Fabian}, A.~C. and {Arnaud}, K.~A.
	},
    title = "{An X-Ray Flux-Limited Sample of Clusters of Galaxies - Evidence for Evolution of the Luminosity Function}",
  journal = {\mnras},
     year = 1990,
    month = jul,
   volume = 245,
    pages = {559},
   adsurl = {http://adsabs.harvard.edu/abs/1990MNRAS.245..559E},
  adsnote = {Provided by the SAO/NASA Astrophysics Data System}
}
@ARTICLE{1992MNRAS.258..177E,
   author = {{Edge}, A.~C. and {Stewart}, G.~C. and {Fabian}, A.~C.},
    title = "{Properties of cooling flows in a flux-limited sample of clusters of galaxies}",
  journal = {\mnras},
 keywords = {Cooling Flows (Astrophysics), Galactic Clusters, Mass Flow Rate, X Ray Astronomy, Galactic Evolution, X Ray Imagery},
     year = 1992,
    month = sep,
   volume = 258,
    pages = {177-188},
      doi = {10.1093/mnras/258.1.177},
   adsurl = {http://adsabs.harvard.edu/abs/1992MNRAS.258..177E},
  adsnote = {Provided by the SAO/NASA Astrophysics Data System}
}
% MEKAL model
@ARTICLE{1985A&AS...62..197M,
   author = {{Mewe}, R. and {Gronenschild}, E.~H.~B.~M. and {van den Oord}, G.~H.~J.
	},
    title = "{Calculated X-radiation from optically thin plasmas. V}",
  journal = {\aaps},
 keywords = {Plasma Radiation, Plasma Spectra, X Ray Spectroscopy, Electron Transitions, Helium Ions, Hydrogen Ions, Iron, Line Spectra, Lithium, Solar Flares, Solar Spectra, Tables (Data)},
     year = 1985,
    month = nov,
   volume = 62,
    pages = {197-254},
   adsurl = {http://adsabs.harvard.edu/abs/1985A%26AS...62..197M},
  adsnote = {Provided by the SAO/NASA Astrophysics Data System}
}
@ARTICLE{1995ApJ...438L.115L,
   author = {{Liedahl}, D.~A. and {Osterheld}, A.~L. and {Goldstein}, W.~H.
	},
    title = "{New calculations of Fe L-shell X-ray spectra in high-temperature plasmas}",
  journal = {\apjl},
 keywords = {Atomic Energy Levels, Atomic Interactions, Atomic Spectra, Computational Astrophysics, High Temperature Plasmas, Plasma Spectra, X Ray Spectra, Computer Programs, Line Spectra, Mathematical Models, Spectroscopy, Spectrum Analysis, Stellar Models},
     year = 1995,
    month = jan,
   volume = 438,
    pages = {L115-L118},
      doi = {10.1086/187729},
   adsurl = {http://adsabs.harvard.edu/abs/1995ApJ...438L.115L},
  adsnote = {Provided by the SAO/NASA Astrophysics Data System}
}
@ARTICLE{2005A&A...440..775K,
   author = {{Kalberla}, P.~M.~W. and {Burton}, W.~B. and {Hartmann}, D. and 
	{Arnal}, E.~M. and {Bajaja}, E. and {Morras}, R. and {P{\"o}ppel}, W.~G.~L.
	},
    title = "{The Leiden/Argentine/Bonn (LAB) Survey of Galactic HI. Final data release of the combined LDS and IAR surveys with improved stray-radiation corrections}",
  journal = {\aap},
   eprint = {astro-ph/0504140},
 keywords = {surveys, radio lines: ISM, Galaxy: structure},
     year = 2005,
    month = sep,
   volume = 440,
    pages = {775-782},
      doi = {10.1051/0004-6361:20041864},
   adsurl = {http://adsabs.harvard.edu/abs/2005A%26A...440..775K},
  adsnote = {Provided by the SAO/NASA Astrophysics Data System}
}


